
@inproceedings{fortz2000internet,
  title={{Internet traffic engineering by optimizing OSPF weights}},
  author={Fortz, B and Thorup, M},
  booktitle={INFOCOM},
  year={2000},
}

@article{fortz2002traffic,
  title={{Traffic engineering with traditional IP routing protocols}},
  author={Fortz, B and Rexford, J and Thorup, M},
  journal={Communications Magazine, IEEE},
  volume={40},
  number={10},
  pages={118--124},
  year={2002},
  publisher={IEEE}
}

@inproceedings{Jiang2009,
 author = {Jiang, W and Zhang-Shen, R and Rexford, J and Chiang, M},
 title ={{Cooperative content distribution and traffic engineering in an ISP network}},
 booktitle = {SIGMETRICS},
 year = {2009},
 }





@inproceedings{Applegate2010,
 author = {Applegate, D and Archer, A and Gopalakrishnan, V and Lee, S and Ramakrishnan, K K},
 title ={{Optimal content placement for a large-scale VoD system}},
 booktitle = {Co-NEXT},
 year = {2010},
 }



@inproceedings{P4P,
 author = {Xie, H and Yang, Y R and Krishnamurthy, A and Liu, Y G and Silberschatz, A},
 title ={{P4P: Provider Portal for Applications}},
 booktitle = {SIGCOMM},
 year = {2008},
}


@INPROCEEDINGS{JohariGameTheory, 
author={DiPalantino, D and Johari, R}, 
booktitle={INFOCOM}, title={{Traffic Engineering vs Content Distribution: A Game Theoretic Perspective}}, 
year={2009},}

@Misc{att-cdn,
author={AT\&T},
title={{Content Distribution}},
note={\url{http://bitly/Lefgj2}},
year={2011}
}

@Misc{level3-cdn,
author={Level3},
title={{Content Delivery Network}},
note={\url{http://bitly/LvsIDm}},
year={2011}
}

@Misc{verizon-cdn,
author={Verizon},
title={{Velocix at Verizon}},
note={\url{http://bitly/LlqGn3}},
year={2011}
}	

@Misc{Level-3,
author={Level-3},
note={\url{http://www.level3.com/}},
year={2012}
}	



@Misc{cisco-videogrowth,
author={Cisco},
title={{Visual Networking Index}},
note={\url{http://bitly/KXDUaX}},
year={2011}
}

@Misc{cisco-tagswitching,
author={Cisco},
title={{Tag Switching Overview}},
note={\url{http://wwwciscocom/en/US/docs/ios/12_0/switch/configuration/guide/xctaghtml}},
year={2011}
}


@Misc{telco-cdn-list,
author={Streaming Media},
title={{Updated List Of Vendors In The Content Delivery Ecosystem}},
note={\url{http://wwwcdnlistcom}},
year={2011}
}



@Misc{nielsen-video-growth,
author={Nielsen},
title={{Online Video Usage Up 45\%}},
note={\url{http://bitly/MiXiPU}},
}




@inproceedings{ZhangTMEst1,
 author = {Zhang, Y and Roughan, M and Duffield, N and Greenberg, A},
 title = {{Fast accurate computation of large-scale IP traffic matrices from link loads}},
 booktitle = {Proceedings of the 2003 ACM SIGMETRICS international conference on Measurement and modeling of computer systems},
 series = {SIGMETRICS '03},
 year = {2003},
 isbn = {1-58113-664-1},
 location = {San Diego, CA, USA},
 pages = {206--217},
 numpages = {12},
 url = {http://doiacmorg/101145/781027781053},
 doi = {http://doiacmorg/101145/781027781053},
 acmid = {781053},
 publisher = {ACM},
 address = {New York, NY, USA},
 keywords = {SNMP, traffic engineering, traffic matrix estimation},
} 

@inproceedings{ZhangTMEst2,
 author = {Zhang, Y and Roughan, M and Lund, C and Donoho, D},
 title = {{An information-theoretic approach to traffic matrix estimation}},
 booktitle = {Proceedings of the 2003 conference on Applications, technologies, architectures, and protocols for computer communications},
 series = {SIGCOMM '03},
 year = {2003},
 isbn = {1-58113-735-4},
 location = {Karlsruhe, Germany},
 pages = {301--312},
 numpages = {12},
 url = {http://doiacmorg/101145/863955863990},
 doi = {http://doiacmorg/101145/863955863990},
 acmid = {863990},
 publisher = {ACM},
 address = {New York, NY, USA},
 keywords = {SNMP, information theory, minimum, mutual information, regularization, traffic engineering, traffic matrix estimation},
}

@article{akamai-overview,
 author = {Nygren, E and Sitaraman, R K and Sun, J},
 title = {{The Akamai network: a platform for high-performance internet applications}},
 journal = {SIGOPS Oper Syst Rev},
 month = {August},
 year = {2010},
} 

@article{DilleyMPPSW02,
  author    = {John Dilley and
               Bruce M Maggs and
               Jay Parikh and
               Harald Prokop and
               Ramesh K Sitaraman and
               William E Weihl},
  title     = {{Globally Distributed Content Delivery}},
  journal   = {IEEE Internet Computing},
  volume    = {6},
  number    = {5},
  year      = {2002},
  pages     = {50-58},
  ee        = {http://wwwcomputerorg/internet/ic2002/w5050abshtm}
}


@Misc{cplex,
author={IBM},
title={{ILOG CPLEX}},
note={\url{http://ibmco/KRuqhB}}
}

@Misc{edgecast,
author={Edge Cast},
title={},
note={\url{http://wwwedgecastcom/solutions/licensed-cdn/}}
}



@Misc{netsessions,
author={Akamai NetSession Interface},
title={},
note={\url{http://www.akamai.com/client}}
}


@Misc{abilene,
author={Abilene Topology},
title={},
note={\url{http://bit.ly/Lf8k7a}}
}


@Misc{rocketfuel,
author={ Rocketfuel ISP Topology Maps},
title={},
note={\url{http://bit.ly/LogNar}}
}

@Misc{TotemData,
author={TOTEM Project},
title={},
note={\url{http://totem.info.ucl.ac.be/}}
}
	
	


@INPROCEEDINGS{MPLS2,
author={Elwalid, A and Jin, C and Low, S and Widjaja, I}, 
booktitle={INFOCOM}, 
title={{MATE: MPLS adaptive traffic engineering}}, 
year={2001}, 
}



@inproceedings{COPE,
 author = {Wang, H and Xie, H and Qiu, L and Yang, Y R and Zhang, Y and Greenberg, A},
 title = {{COPE: Traffic Engineering in Dynamic Networks}},
 booktitle = {SIGCOMM},
 year = {2006},
} 


@INPROCEEDINGS{MultiTM, 
author={C Zhang and Y Liu and W Gong and Kurose, J and Moll, R and Towsley, D}, 
booktitle={INFOCOM}, 
title={{On optimal routing with multiple traffic matrices}}, 
year={2005}, }




@INPROCEEDINGS{TEXCP,
 author = {Kandula, S and Katabi, D and Davie, B and Charny, A},
 title = {Walking the tightrope: responsive yet stable traffic engineering},
 booktitle = {SIGCOMM},
 year = {2005},
 } 




@article{Cohen,
 author = {Applegate, D and Cohen, E},
 title = {{Making routing robust to changing traffic demands: algorithms and evaluation}},
 journal = {IEEE/ACM Trans Netw},
 volume = {14},
 issue = {6},
 month = {December},
 year = {2006},
 issn = {1063-6692},
 pages = {1193--1206},
 numpages = {14},
 url = {http://dxdoiorg/101109/TNET2006886296},
 doi = {http://dxdoiorg/101109/TNET2006886296},
 acmid = {1217691},
 publisher = {IEEE Press},
 address = {Piscataway, NJ, USA},
 keywords = {oblivious routing, routing, traffic engineering},
} 




@inproceedings{Racke,
 author = {Azar, Y and Cohen, E and Fiat, A and Kaplan, H and Racke, H},
 title = {{Optimal oblivious routing in polynomial time}},
 booktitle = {STOC},
 year = {2003},
} 




@ARTICLE{InvCap, 
author={Fortz, B and Thorup, M}, 
journal={JSAC}, 
title={Optimizing OSPF/IS-IS weights in a changing world}, 
year={2002}, 
month={May}, 
}

@ARTICLE{CATE,
   author = {{Frank}, B and {Poese}, I and {Smaragdakis}, G and {Uhlig}, S and 
	{Feldmann}, A},
    title = "{Content-aware Traffic Engineering}",
  journal = {ArXiv e-prints},
archivePrefix = "arXiv",
   eprint = {12021464},
 primaryClass = "csNI",
 keywords = {Computer Science - Networking and Internet Architecture},
     year = 2012,
   adsurl = {http://adsabsharvardedu/abs/2012arXiv12021464F},
  adsnote = {Provided by the SAO/NASA Astrophysics Data System}
}



@Misc{bittorrentprotocol,
author={Cohen, B},
title={{BitTorrent Protocol}},
note={\url{http://bitly/KDhQV1}}
}


@Misc{rfc2616,
author={RFC},
title={2616},
note={\url{http://wwwietforg/rfc/rfc2616txt}}
}


@Misc{fios,
author={Verizon},
title={{HBO for FIOS Customers}},
note={\url{http://bitly/JQ2dn8}}
}

@Misc{stoica,
author={Ion Stoica},
title={I{t’s Not the Cost, It’s the Quality!}},
note={\url{http://staticusenixorg/events/iptps10/tech/slides/stoicapdf}}
}




@ARTICLE{techreportNCDN, 
author={Abhigyan  and Venkataramani, A and Sitaraman, R}, 
journal={Technical Report}, 
title="{Distributing Content Simplifies ISP Traffic Engineering}",
note={\url{http://peoplecsumassedu/~abhigyan/NCDNpdf}}
}



@inproceedings{youtubestudy,
 author = {Gill, P and Arlitt, M and Li, Z and Mahanti, A},
 title = {{Youtube traffic characterization: a view from the edge}},
 booktitle = {Proceedings of the 7th ACM SIGCOMM conference on Internet measurement},
 series = {IMC '07},
 year = {2007},
 isbn = {978-1-59593-908-1},
 location = {San Diego, California, USA},
 pages = {15--28},
 numpages = {14},
 url = {http://doiacmorg/101145/12983061298310},
 doi = {http://doiacmorg/101145/12983061298310},
 acmid = {1298310},
 publisher = {ACM},
 address = {New York, NY, USA},
 keywords = {characterization, multimedia, web 20, youtube},
} 



@Misc{applehls,
author={Apple},
title={{HTTP Live Streaming}},
note={\url{http://bitly/MgoUED}}
}


@Misc{hpcdn,
author={HP},
title={{The edge of bandwidth growth}},
note={\url{http://bitly/HwXtUO}}
}

@Misc{telcowhitepaper,
author={Streaming Media},
title={{Telco-CDN Whitepapers}},
note={\url{http://bitly/GUDrUZ}}
}

@inproceedings{catenew,
 author = {Frank, B and Poese, I and Smaragdakis, G and Uhlig, S and Feldmann, A},
 title = {Content-aware traffic engineering},
 booktitle = {SIGMETRICS},
 year = {2012},
} 


@article{serviceplacement,
 author = {Cohen, R and Nakibly, G},
 title = {A traffic engineering approach for placement and selection of network services},
 journal = {IEEE/ACM Trans Netw},
 year = {2009},
} 


@INPROCEEDINGS{vmrouting, 
author={Jiang, JW and Tian Lan and Sangtae Ha and Minghua Chen and Mung Chiang}, 
booktitle={INFOCOM}, title={Joint VM placement and routing for data center traffic engineering}, 
year={2012}, }

@misc{techreportBT,
author={},
title={{Tech Report: A Comparison of Server Bandwidth Controllers for  Client-assisted Content Delivery}},
note={\url{http://bitly/LVsSjn}},
}

@misc{coheninter,
author={Bram Cohen},
title={Interview with {B}ram {C}ohen, the inventor of {B}it{T}orrent},
note={\url{http://torrentfreakcom/}},
year={2005}
}


@misc{superseed,
author={Wikipedia},
title={Super seeding},
note={\url{http://enwikipediaorg/wiki/Super-seeding}} }

@misc{littlelaw,
title={{Little's Law}},
note={\url{http://enwikipediaorg/wiki/Little's_law}} }




@InProceedings{ibharambe05,
title={Some observations on bitTorrent performance},
author={Ashwin R Bharambe and Cormac Herley and Venkata N Padmanabhan},
year={2005},
booktitle={ACM SIGMETRICS'05}
}



@InProceedings{chow,
author={Alix Chow and Leana Golubchik and Vishal Misra},
title={Improving BitTorrent: A Simple Approach},
year={2008},
booktitle={IPTPS'08}
}

@Misc{kontiki,
author={Kontiki},
title={The Power of Commercial Peer-to-Peer Delivery},
note={\url{wwwkontikicom/_download/The-Power-of-Commercial-P2Ppdf}},
year={2008}
}


@Misc{pando,
author={Pando},
note={\url{http://wwwpandocom/}},
}



@Misc{sopcast,
author={SopCast},
note={\url{http://wwwsopcastcom/}},
}



@Misc{pplive,
author={PP Live},
note={\url{http://wwwpplivecom/}},
}


@Misc{velocix,
author={Velocix},
note={\url{http://wwwvelocixcom/}},
}


@Misc{uTP,
key = {uTP},
title={{Micro Transport Protocol, Wikipedia}},
note={\url{http://bitly/MpFSiH}},
}


@Misc{octoshape,
key = {octoshape},
title={Octoshape},
note={\url{http://wwwoctoshapecom}},
}


@Misc{bt,
author={BitTorrent},
title={BitTorrent, Inc},
note={\url{wwwbittorrentcom}},
year={2008}
}


@Misc{page,
author={Will Page},
title={More Long Tail debate: mobile music no, search yes},
note={\url{http://longtailtypepadcom/}},
year={2008}
}


@Misc{computing,
author={Aboutcom},
title={Enterprise Technology: Peer-to-Peer Gets Down To Businees},
note={\url{http://pcworldaboutcom/magazine}},
year={2005}
}


@Book{anderson,
author={Chris Anderson},
title={The Long Tail: Why the Future of Business is Selling Less of More},
publisher={Hyperion},
year={2006}
}

@Article{salinger,
author={M A Salinger},
year={1995},
title={A graphical analysis of bundling},
journal={Journal of Business},
volume={68},
pages={85-98}
}

@InProceedings{bonald,
title={Epidemic live streaming: optimal performance trade-offs},
author={Bonald and Massoulie and Mathieu and Perino and Twigg},
booktitle={SIGMETRICS'08},
year={2008}
}

@InProceedings{ali,
title={Measurement of commercial peer-to-peer live video streaming},
author={S Ali and A Mathur and H Zhang},
bootitle={Workshop in Recent Advances in P2P},
year={2006}
}




@InProceedings{lui:08,
author={Yan Huang and Tom Z J Fu and Dah-Ming Chiu and John C S Lui and Cheng Huang},
title={Challenges, design and analysis of a large-scale p2p-vod system},
pages={375-388},
booktitle={SIGCOMM'08},
year={2008}
}


@InProceedings{ioannidis,
title={On the Design of Hybrid Peer-to-Peer Systems},
year={2008},
author={Stratis Ioannidis and Peter Marbach},
booktitle={SIGMETRICS'08}
}



@Article{seed,
author={S Browne and JMSteele},
title={Transient behavior of coverage processes with applications to the infinite server queue},
journal={J  Appl Prob},
volume={30 (3)},
pages={589-601},
year={1993}
}



@Book{ross,
author={Sheldon Ross},
title={Stochastic Processes},
publisher={Wiley},
year={1996}
}

@Book{boyd,
author={S Boyd and L Vandenberghe},
title={Convex Optimization},
year={2004},
publisher={Cambridge University Press}
}



@Book{edmundo,
title={Performability Modelling: Techniques and Tools},
author={B R Haverkort and R Marie and G Rubino},
year={2001},
publisher={Wiley}
}


@InProceedigns{dot,
author={N Tolia and Michael Kaminsky and David G Andersen and Swapnil Patil},
title={An Architecture for Internet Data Transfer},
booktitle={NSDI'06},
year={2006}
}

@Article{jsac,
author={K Suh and Christophe Diot and Jim Kurose and  Laurent Massoulie and Christoph Neumann and Don Towsley and Matteo Varvello},
title={Push-to-Peer Video-on-Demand system: design and evaluation},
journal={Journal on Selected Areas in Communications},
year={2007},
issue={9},
volume={25},
pages={1706-1716}
}

@InProceedings{yang01,
title={Comparing Hybrid Peer-to-Peer Systems},
author={B Yang and H Garcia-Molina},
year={2001},
booktitle={VLDB'01}
}

@InProceedings{lu,
title={Content-Based Retrieval in Hybrid Peer-to-Peer Networks},
author={J Lu and J Callan},
year={2003},
booktitle={CIKM'03}
}




@InProceedings{bitstore,
author={A Ramachandran and A das Sarma and N Feamster},
title={BitStore: An Incentive Compatible Solution for Blocked Downloads in BitTorrent},
year={2007},
booktitle={Proc Joint Workshop on The Economics of Networked Systems and Incentive-Based Computing}
}




@InProceedings{antfarm,
author={R S Peterson and E G Sirer},
title={Antfarm: efficient content distribution with managed swarms},
booktitle={NSDI},
year={2009}
}


@InProceedings{serversp2p,
  author={S Das and S Tewari and L Kleinrock},
  title={The case for servers in a  peer-to-peer world},
  booktitle={ICC},
  year={2006}
}


@Misc{mainline,
author={Bram Cohen},
title="{Mainline BitTorrent}",
note={\url{http://wwwbittorrentcom/}},
year={2010}
}

@Misc{activeinactive,
author={Bram Cohen},
title="{BitTorrent user manual (entry on queueing in Appendix A)}",
note={\url{http://wwwbittorrentcom/btusers/guides/bittorrent-user-manual}},
year={2010}
}



@InProceedings{simatos,
author={Florian Simatos and Philippe Robert and Fabrice Guillemin},
title={Analysis of a Queueing System for Modeling a File Sharing Principle},
booktitle={SIGMETRICS},
year={2008}
}

@InProceedings{bharambe,
  author={A Bharambe and C Herley and V Padmanabhan},
  title="{Analyzing and improving BitTorrent network performance mechanisms}",
  booktitle={Infocom},
  year={2006}
}


@InProceedings{dimensioning,
title={On Server Dimensioning for Hybrid Peer-to-Peer Content Distribution Networks},
year={2008},
booktitle={P2P'08},
author={Ivica Rimac and Anwar Elwalid and Sem Borst}
}


@Article{tangram09,
  author={E de Souza e Silva and R M M Leao and D R
Figueiredo},
  title={An integrated modeling environment for computer
systems and networks},
  journal={Performance Evaluation Review},
  year={2009},
  volume={36},
  number={4},
  pages={64-69}
}



@Article{tangram2,
  author =       {Edmundo de Souza e Silva and Rosa M Leao},
  title  =       {The {T}ANGRAM-{II} Environment},
  journal =    {Lecture notes in computer science},
  year     =     {2000},
}


@Article{doron, 
  author =       {Doron  Zeilberger},
  title  =       {The method of creative telescoping},
  journal =    {Journal of Symbolic Computation archive},
  year     =     {1991},
  pages ={195-204},
  volume={11},
  issue={3}
  
}
@Article{sigma,
  author =       {C Schneider},
  title  =       {Symbolic Summation Assists Combinatorics},
  journal =    {SemLotharCombin},
  year     =     {2007},
  pages ={1-36},
  volume={56}
}




@InProceedings{hajek,
title={The missing piece syndrome in peer-to-peer communication},
author={B Hajek and J Zhu},
booktitle={ISIT},
year={2010}
}



@InProceedings{levtov,
title={Dynamic File-selection Policies for Bundling in BitTorrent-like Systems},
year={2010},
booktitle={IWQoS},
author={N Lev-tov and   N Carlsson and   Zongpeng Li and    C Williamson and    Song Zhang}
}

@InProceedings{han,
title={An Empirical Study on Content Bundling in BitTorrent Swarming System},
author={J Han and T Chung and S Kim and H Kim and T Kwon and Y Choi},
year={2010},
booktitle={arXiv:10082574v1}
}


@Article{crescenzo,
title={On the first-visit-time problem for birth and death processes with catastrophes},
author={A Crescenzo and V Giorno and A Nobile and L Ricciardi},
year={2008},
journal={arXiv}
}


@Article{selfsust,
title={Estimating Self-Sustainability in Peer-to-Peer Swarming Systems},
author={Daniel Sadoc Menasche and Antonio A Rocha and Edmundo de Souza e Silva and Rosa M Leao and Don Towsley and Arun Venkataramani},
year={2010},
journal={Performance Evaluation},
volume={67},
pages={1243-1258}
}




@Book{takacs,
author={Lajos Takacs},
title={Introduction to the Theory of Queues},
publisher={Oxford University Press},
year={1962}
}

@Book{hall,
author={Peter Hall},
title={Introduction to the Theory of Coverage Processes},
publisher={John Wiley and Sons},
year={1988}
}

@InProceedings{wang:01,
  author={Heng Wang and Narayan B Mandayam},
  title={Dynamic Power Control under Energy and Delay Constraints},
  booktitle={Globecom},
  year={2001}
}

@InProceedings{legout:07,
author={A Legout and  N Liogkas and  E Kohler and L Zhang},
title={Clustering and Sharing Incentives in {B}itTorrent Systems},
booktitle={SIGMETRICS},
year={2007}, 
city={San Diego, CA}
}


@Article{altman:06,
  author =       {Eitan Altman and Konstantin Avrachenkov and Gregory Miller and Balakrishna Prabhu},
  title  =       {Uplink dynamic discrete power control in cellular networks},
  journal =    {INRIA Technical Report 5818},
  year     =     {2006}
}

@Article{altman:05,
author={E Altman and K Avrachenkov and R Marquez and G Miller},
title={Zero-sum constrained stochastic games with independent state processes},
journal={Math Meth Oper Res},
volume={62},
pages={375-386},
year={2005}
}


@inbook{altman:01,
chapter={Applications of Markov Decision Processes in Communication Networks},
title={Handbook of Markov Decision Processes},
editor={Eugene Feinberg and Adam Shwartz},
author={Eitan Altman},
publisher={Kluwer Academic},
pages={489-536},
year={2001}  
}

@InProceedings{communities,
author={Nazareno Andrade and Miranda Mowbray and Aliandro Lima and Gustavo Wagner and Matei Ripeanu},
title={Influences on Cooperation in {B}itTorrent Communities},
year={2005},
booktitle={SIGCOMM Workshop},
note={\url{http://wwwsigcommorg/sigcomm2005/paper-AndMowpdf}}
}

@Article{tribler,
author={J A Pouwelse and P Garbacki and J Wang and A Bakker and J Yang and A Iosup and D H J Epema and M Reinders and M R van Steen and H J Sips},
title={Tribler: A social based peer to peer system},
note={\url{wwwtriblerorg}},
journal={Concurrency and Computation: Practice and Experience},
pages={1--11},
volume={19},
year={2007}
}

@InProceedings{neglia,
author={Giovanni Neglia and Giuseppe Reina and Honggang Zhang and Donald Towsley and Arun Venkataramani and John Danaher},
title={Availability in {B}it{T}orrent Systems},
booktitle={Infocom},
year={2007}
}

@Misc{btfaq,
title={{B}ittorrent {FAQ}},
note={\url{http://dessentnet/btfaq/}}
}

@InProceedings{qiusrikant,
author={D Qiu and R Srikant},
title={Modeling and Performance Analysis of BitTorrent-Like Peer-to-Peer Networks},
year={2004},
booktitle={SIGCOMM}
}

@InProceedings{freeriding,
author={Locher and Moor and Schmid and Wattenhofer},
title={Freeriding in {B}ittorrent is Cheap},
pages={85-91},
year={2006},
booktitle={HotNets}
}


@Article{guo,
title={A Performance Study of {B}itTorrent-like Peer-to-Peer Systems},
author={Lei Guo and Songqing Chen and Zhen Xiao and Enhua Tan and Xiaoning Ding and  Xiaodong Zhang},
journal={JSAC},
year={2007},
pages={155--169},
volume={25(1)}
}

@Book{kleinrock,
title={Queueing theory I},
author={Kleinrock},
publisher={Chapman and Hall/CRC},
year={1999}
}


@InProceedings{Fan06,
author={Bin Fan and D Chiu and John Lui},
title={Stochastic Analysis and File Availability Enhacement for {B}itTorrent-Like Sharing Systems},
year={2006},
booktitle={IWQoS}
}


@InProceedings{bittorrent,
title={Incentives Build Robustness in {B}itTorrent},
author={Bram Cohen},
year={2003},
booktitle={P2PEcon}
}


@InProceedings{science,
booktitle={Science},
year={1 July 2005},
note={\url{http://sciemagorg/cgi/content/full/309/5731/93}}
}

@Article{deadlock,
title={Distributed Deadlock Detection},
author={Chandy and Misra},
year={1983},
journal={Transactions on Computer Systems},
volutem={1},
number={2},
pages={144--156}
}

@InProceedings{kumar,
author={Kumar and Liu and Ross},
title={Stochastic Fluid Theory for Peer-to-Peer Streaming Systems},
year={2007},
booktitle={INFOCOM}
}



@Book{camerer,
title={Behavioral Game Theory: Experiments in Strategic Interaction},
author={Colin F Camerer},
year={2003},
editor={Princeton}
}

@InProceedings{edonkey,
title={Exploiting Semantic Clustering in the eDonkey Peer-to-Peer Network},
author={S B Handurukande and A M Kermarrec and F Fessant and L Massoulie},
booktitle={SIGOPS},
year={2004}
}


@InProceedings{barnoy,
title={A Unified Approach to Approximating Resource Allocation and Scheduling},
author={Amotz Bar-Noy and Reuven Bar-Yehuda and Ari Freund and  Joseph  Naor and  Baruch Schieber},
booktitle={Journal of the ACM},
year={2000}
}


@Book{latouche,
title={Introduction to Matrix Analytic Methods in Stochastic Modeling (ASA-SIAM Series on Statistics and Applied Probability)},
author={G Latouche and V Ramaswami},
publisher={SIAM},
year={1999}
}

@Book{neuts,
title={Matrix Geometric Solutions in Stochastic Models: An Algorithmic Approach},
author={Marcel F Neuts},
publisher={The Johns Hopkins University Press},
year={1981}
}


@InProceedings{fanchiului,
title={Stochastic Differential Equation Approach to Model Peer-to-Peer},
author={Bin Fan and Dah-Ming Chiu and John Lui},
booktitle={ICC},
year={2006}
}



@Article{seed,
author={S Browne and J Steele},
title={Transient behavior of coverage processes with applications to the infinite server queue},
journal={J  Appl Prob},
volume={30 (3)},
pages={589-601},
year={1993}
}


@InProceedings{veciana,
author={G Veciana and X Yang},
title={Service capacity of peer-to-peer networks},
booktitle={Infocom},
year={2004}
}


@InProceedings{mama:09,
author={Daniel Sadoc Menasche and Antonio Rocha and Edmundo de Souza e Silva and Rosa Maria Meri Leao and  Don Towsley and Arun Venkataramani},
title={Modeling Chunk Availability in Peer-to-Peer Swarming Systems},
booktitle={Performance Evaluation Review},
year={2009}
}

@InProceedings{gamenets,
author={Daniel Sadoc Menasche and Giovanni Neglia and Don Towsley and Shlomo Zilberstein},
title={Strategic Reasoning About Bundling in Swarming Systems},
booktitle={GameNets},
year={2009}
}




@InProceedings{laurent,
author={Laurent Massoulie and M Vojnovic},
title={Coupon Replication Systems},
booktitle={SIGMETRICS},
year={2006}
}

@Article{meyer1,
title={Performability: a retrospective and some pointers to the future},
author={C Meyer},
year={1992},
journal={Performance Evaluation},
volume={14:33},
pages={139-156}
}


@Article{meyer2,
author={C Meyer},
title={On evaluating the performability of degradable computing systems},
year={1980},
journal={Transactions on Computers},
volume={29(8)},
pages={720-731}
}



@Inproceedings{avalanche,
author={C Gkantsidis and P Rodriguez},
title={Network Coding for Large Scale Content Distribution},
year={2005},
booktitle={INFOCOM}
}





@Misc{wikibund,
author={Wikipedia},
title={Tying Commerce},
note={\url{http://enwikipediaorg/wiki/Tying_%28commerce%29}}}
}


@InProceedings{onehop,
title={One hop Reputations for Peer to Peer File Sharing Workloads},
author={Michael Piatek and Tomas Isdal and Arvind Krishnamurthy and Thomas Anderson},
booktitle={NSDI},
year={2008}
}


@InProceedings{sirivianos07,
author={M Sirivianos and J H Park and R Chen and X Yang},
title={Free-riding in {B}itTorrent Networks with the Large View Exploit},
booktitle={IPTPS},
year={2007}
}

@InProceedings{piatek07,
title={Do incentives build robustness in {B}itTorrent?},
author={Michael Piatek and Tomas Isdal and Thomas Anderson and Arvind Krishnamurthy and Arun Venkataramani},
booktitle={NSDI},
year={2007}
}

@Misc{urlinternet,
author={IPOQUE Internet Study},
note={\url{http://wwwipoquecom/resources/internet-studies/internet-study-2008_2009}}
}

@Misc{blog,
title={Bram {C}ohen's Live Journal},
note={\url{http://bramcohenlivejournalcom/}}
}


@InProceedings{levin08,
title={{B}itTorrent is an Auction: Analyzing and Improving {B}itTorrent Incentives},
author={D Levin and et al},
booktitle={SIGCOMM},
year={2008}
}

@InProceedings{legoutrf,
title={Rarest first and choke algorithms are enough},
author={Arnaud Legout and Nikitas Liogkas and Eddie Kohler},
booktitle={IMC},
year={2006},
}


@Misc{mininova,
title={Mininovaorg},
note={\url{http://wwwmininovaorg}}
}



@InProceedings{bharambe05,
title={Some observations on {B}itTorrent performance},
author={Ashwin R Bharambe and Cormac Herley and Venkata N Padmanabhan},
year={2005},
booktitle={SIGMETRICS}
}


@Book{haverkort,
title={Performability Modelling},
author={B R Haverkort and R Marie and G Rubino},
year={2001},
publisher={Wiley}
}

@Misc{googlereader,
title={Google Reader},
note={\url{http://wwwgooglecom/reader}}
}

@InProceedings{planetlab,
title={Experiences Building PlanetLab},
author={L Peterson and A Bavier and M Fiuczynski and S MuirLy},
year={2006},
booktitle={OSDI}
}

@Article{bakos,
title={Bundling Information Goods},
author={Y Bakos and Erik Brynjolfsson},
year={1999},
journal={Management Science},
volume={45},
issue={12},
pages={1613-1630}
}


@Article{nalebuff,
author={Barry Nalebuff},
title={Bundling as an Entry Barrier},
journal={The Quarterly Journal of Economics},
year={2004},
volume={119},
issue={1},
pages={159-187}
}


@Book{optimal,
author={Ralph Fuerderer and Andreas Herrmann and Georg Wuebker},
title={Optimal Bundling},
publisher={Springer},
year={1999}
}


@InProceedings{pucha,
title={Take One Get One Free; Leveraging Peer-to-Peer Networks for Content Promotion},
author={Himabindu Pucha and Sabyasachi Roy and Y Charlie Hu},
year={2006},
booktitle={Global Internet Symposium}
}


@Book{anderson,
author={Chris Anderson},
title={The Long Tail: Why the Future of Business is Selling Less of More},
publisher={Hyperion},
year={2006}
}

@inbook{susitaival,
chapter={Analyzing the dynamics and resource usage of peer-to-peer file sharing by a spatio-temporal model},
author={Riikka Susitaival and Samuli Aalto and Jorma Virtamo},
title={Lecture Notes in Computer Science},
year={2006}
}



@InProceedings{altman,
title={Restricting Internet Access: Ideology and Technology},
author={Sulan Wong and Eitan Altman},
booktitle={Communication Systems and Networks},
year={2010}
}


@Misc{page,
author={Will Page},
title={More Long Tail debate: mobile music no, search yes},
note={\url{http://longtailtypepadcom/}},
year={2008}
}


@InProceedings{fs2you,
  author={Ye Sun and Fangming Liu and Bo Li and Baochun Li and Xinyan Zhang},
  title={FS2You: Peer-Assisted Semi-Persistent Online Storage at Large Scale},
  booktitle={Infocom},
  year={2009}
}

@Article{techrep,
title={Content Availability and Bundling in Swarming Systems},
author={Daniel Menasche  and et al},
year={2009},
journal={University of Massachusetts, Amherst, Technical Report UM-CS-2009-010},
}

@Article{yang,
title={Multi-torrent: a performance study and applications},
author={Y Yang and A Chow and L Golubchik},
year={2010},
journal={Int J Advanced Media and Communication},
volume={4(1)}
}


@InProceedings{carlsson,
title={Using Torrent Inflation to Efficiently Serve the Long Tail in Peer-Assisted Content Delivery Systems},
author={N Carlsson and D Eager and A Mahanti},
year={2010},
booktitle={Networking}
}




@InProceedings{predicting,
title={Predicting the Impact of Measures Against P2P Networks on the Transient Behaviors},
author={Eitan Altman and Philippe Nain and Adam Shwartz and  Yuedong Xu},
booktitle={INFOCOM},
year={2011}
}



@Article{bdcata1,
title={A Note on Birth-Death Processes with Catastrophes},
author={A Crescenzo and V Giorno and A Nobile and L Ricciardi},
year={2008},
journal={Statistics and Probability Letters},
volume={78},
pages={2248-2257}
}


@Article{bdcata,
title={On the first-visit-time problem for birth and death processes with catastrophes},
author={A Crescenzo and V Giorno and A Nobile and L Ricciardi},
year={2008},
journal={arXiv}
}


@Book{coxmiller,
author={D Cox and H Miller},
title={The Theory of Stochastic Processes},
publisher={Chapman and Hall},
year={1965}
}

@Article{quasi,
title={Quasi-stationary distributions for birth-death processes with killing},
author={Pauline Coolen-Schrijner and Erik A van Doorn},
journal={Journal of Applied Mathematics and Stochastic Analysis},
year={2006} 
}

@Article{mandjes,
title={M/G/infinity transience, and its applications to overload detection},
author={MRH Mandjes and P Zuraniewsky},
journal={CWI Technical Report},
year={2009} 
}

@Book{ryz,
title={Tables of Integrals, Series and Products (7th edition)},
author={I Gradshteyn and I Ryzhik},
year={2007},
publisher={Academic Press}
}



@Article{massoulietwigg,
author={L Massoulie and A Twigg},
title={Rate optimal schemes for peer-to-peer live streaming},
journal={Performance Evaluation},
year={2008},
volume={65},
pages={804-822}
}

@InProceedings{tawarikleinrock,
author={S Tawari and L Kleinrock},
title={Analytical model for BitTorrent-based live video streaming},
year={2007},
booktitle={NIME}
}


@InProceedings{chaintreau1,
title={The age of gossip: spatial mean field regime},
author={Augustin Chaintreau and Jean-Yves Le Boudec and Nikodin Ristanovic},
year={2009},
booktitle={SIGMETRICS}
}


@InProceedings{chaintreau2,
author={Joshua Reich 	 and Augustin Chaintreau},
booktitle={CONEXT},
year={2009},
title={The age of impatience: optimal replication schemes for opportunistic networks}
}


@InProceedings{BTauction,
title={{B}itTorrent is an Auction: Analyzing and Improving {B}itTorrent Incentives},
author={Dave Levin and Katrina LaCurts and Neil Spring and Bobby Bhattacharjee},
booktitle={SIGCOMM},
year={2008}
}



@Book{Kurose-Ross,
title={Computer Networking: A Top Down Approach Featuring the Internet},
author={J Kurose and K Ross},
year={2010},
publisher={Pearson Addison-Wesley}
}

@InProceedings{Qiu-Srikant,
author={D Qiu and R Srikant},
title={Modeling and Performance Analysis of {B}ittorrent-Like peer to peer networks},
year={2004},
booktitle={SIGCOMM}
}

@InProceedings{laoutaris,
author={Nikolaos Laoutaris and Georgios Smaragdakis and Pablo Rodriguez and Ravi Sundaram},
title={Delay tolerant bulk data transfers on the internet},
booktitle={SIGMETRICS/Performance},
year={2009},
pages={229-238}
}

@Misc{wwcraft,
author={Blizzard},
title={Blizzard WoW uses P2P for Downloading},
note={\url{http://usbattlenet/wow/en/}},
year={2010}
}


@Misc{linux,
author={Ubuntu},
title="{Download Ubuntu using BitTorrent}",
note={\url{http://torrentubuntucom:6969/}}
}

@InProceedings{coral,
title={Democratizing content publication with Coral},
author={MJ Freedman and E Freudenthal and D Mazieres},
booktitle={NSDI},
year={2004}
}

@InProceedings{coblitz,
title={Scale and performance in the CoBlitz large-file distribution service},
year={2006},
booktitle={NSDI},
author={KyoungSoo Park and Vivek S Pai}
}

@InProceedings{shark,
title={Shark: scaling file servers via cooperative caching},
year={2005},
booktitle={NSDI},
author={Siddhartha Annapureddy 	and Michael J Freedman and	David Mazieres}
}


@Misc{amazons3,
author={Amazon},
title="{Using BitTorrent with Amazon S3}",
note={\url{http://aws.amazon.com/s3/}}
}


@Misc{amazonec2,
title={{Amazon EC2}},
note={\url{http://aws.amazon.com/ec2/}}
}


@Misc{warner,
author={Peter Pollack},
title="{Warner Bros and P2P}",
note={\url{http://arstechnica.com/newsars/post/20060130-6080html}}
}

@Misc{btfaq,
author={Bittorrent},
title={{B}ittorrent FAQ},
url={http://dessent.net/btfaq/}
}



@InProceedings{onserverdimensioning,
title={On Server Dimensioning for Hybrid Peer-to-Peer Content Distribution Networks},
year={2008},
booktitle={P2P'08},
author={Ivica Rimac and Anwar Elwalid and Sem Borst}
}


@Article{performance2010,
title={Optimal server scheduling in hybrid p2p networks},
author={B Zhang and S Borst and M Reiman},
year={2010},
journal={Performance Evaluation},
volume={67},
pages={1259-1272}
}


@Misc{wikipedia,
author={Wikipedia},
title={Super seeding},
note={\url{http://enwikipediaorg/wiki/Super-seeding}},
year={2003}
}

@Misc{Skype,
author={Skype},
note={\url{http://www.skype.com/}},
year={2012}
}



@Misc{btTracker,
author={BitTorrent tracker},
note={\url{http://enwikipediaorg/wiki/BitTorrent_tracker}}
}




@Misc{wikipediap2p,
author={Janko Roettgers},
title={Wikipedia Is Using BitTorrent P2P for HTML5 Video},
note={\url{http://gigaomcom/}},
year={2010}
}

@InProceedings{bittyrant,
author={Michael Piatek and Tomas Isdal and Thomas Anderson and Arvind Krishnamurthy and Arun Venkataramani},
title={Do incentives build robustness in BitTorrent?},
booktitle={NSDI},
year={2007}
}

@Article{shakkottai,
author={S Shakkottai and R Johari},
title={Demand-Aware Content Distribution on the Internet},
journal={IEEE/ACM Transactions on Networking},
volume={18},
issue={2},
month={April},
year={2010}
}


@Article{legoutnew,
author={Stevens Le Blond and Arnaud Legout and Fabrice Lefessant and Walid Dabbous},
title={Angling for Big Fish in BitTorrent},
journal={Technical Report (inria-00451282, version 1 - 28 Jan 2010), INRIA},
year={2010},
}

@Misc{queue,
author={Bram Cohen},
title={BitTorrent User Manual ({A}ppendix {A}: Queueing)},
note={\url{http://wwwbittorrentcom/btusers/guides/bittorrent-user-manual/}}
}

@Misc{ns2,
author={The Network Simulator},
note={\url{http://www.isi.edu/nsnam/ns/}}
}

@Misc{MirrorWiki,
author={Mirroring},
note={\url{http://en.wikipedia.org/wiki/Mirror\_(computing)}}
}



@Misc{InvCapCite,
author={Cisco Configuring OSPF},
note={\url{http://www.cisco.com/univercd/cc/td/doc/product/software/ios122/.}}
}

	

@Misc{eMule,
author={eMule},
note={\url{http://www.emule-project.net}}
}

@Misc{GoogleServerLocation,
author={Map of all Google data center locations},
note={\url{http://royal.pingdom.com/2008/04/11/map-of-all-google-data-center-locations/}}
}


@InProceedings{daskleinrock,
  author={S Das and S Tewari and L Kleinrock},
  title={The case for servers in a  peer-to-peer world},
  booktitle={ICC},
  year={2006}
}



@misc{vformation,
 author={R S Peterson and B Wong and E G Sirer},
 title={{A Content Propagation Metric for Efficient Content Distribution}},
 booktitle={SIGCOMM},
 year={2011},
}




%note = "<ce:title>Performance 2007</ce:title> <xocs:full-name>26th International Symposium on Computer Performance, Modeling, Measurements, and Evaluation</xocs:full-name>",
@article{Liao,
title = "Performance analysis of BitTorrent-like systems with heterogeneous users",
journal = "Performance Evaluation",
year = "2007",
author = "W Liao and et al",
}



@INPROCEEDINGS{fanchiu, 
title={Stochastic Differential Equation Approach to Model Peer-to-Peer},
author={B Fan and Dah-Ming Chiu and J Lui},
booktitle={ICC},
year={2006}
}


@inproceedings{Guo2005,
 author = {Guo, L and Chen, S and Xiao, Z and Tan, E and Ding, X and Zhang, X},
 title = {Measurements, analysis, and modeling of BitTorrent-like systems},
 booktitle = {IMC},
 year = {2005},
} 


@article{dandelion,
 author = {Sirivianos, M and Yang, X and Jarecki, S},
 title = {Robust and efficient incentives for cooperative content distribution},
 journal = {IEEE/ACM Trans Netw},
 issue_date = {December 2009},
  year = {2009},
} 


@inproceedings{p2pchurn,
 author = {Stutzbach, Daniel and Rejaie, Reza},
 title = {Understanding churn in peer-to-peer networks},
 booktitle = {IMC},
 year = {2006},
} 

@inproceedings{tamingtorrent,
 author = {Choffnes, David R and Bustamante, Fabi\'{a}n E},
 title = {Taming the torrent: a practical approach to reducing cross-isp traffic in peer-to-peer systems},
 booktitle = {Proceedings of the ACM SIGCOMM 2008 conference on Data communication},
 series = {SIGCOMM '08},
 year = {2008},
 isbn = {978-1-60558-175-0},
 location = {Seattle, WA, USA},
 pages = {363--374},
 numpages = {12},
 url = {http://doiacmorg/101145/14029581403000},
 doi = {101145/14029581403000},
 acmid = {1403000},
 publisher = {ACM},
 address = {New York, NY, USA},
 keywords = {cross-isp traffic, isp, measurement reuse, p2p, peer selection},
} 


@inproceedings{fairtorrent,
 author = {Sherman, A and Nieh, J and Stein, C},
 title = {FairTorrent: bringing fairness to peer-to-peer systems},
 booktitle = {CoNEXT},
 year = {2009},
} 



@inproceedings{conextbundling,
 author = {D Menasche  and at al},
 title = {Content availability and bundling in swarming systems},
 booktitle = {CoNEXT},
 year = {2009},
} 


@inproceedings{youtubeUser,
 author = {A Finamore  and et al},
 title = {YouTube everywhere: impact of device and infrastructure synergies on user experience},
 booktitle = {IMC},
 year = {2011},
} 



@INPROCEEDINGS{p2ponline, 
author={Chuan Wu and Baochun Li and Shuqiao Zhao}, 
booktitle={INFOCOM 2008}, title={Multi-Channel Live P2P Streaming: Refocusing on Servers}, 
year={2008}, 
}


@inproceedings{SprintStudy,
author = {Hengartner and  S Moon and  R  Mortier and C Diot},
title = {{Detection and analysis of routing loops in packet traces}},
booktitle = {{IMW}},
year = {2002},
}

@inproceedings{MPLSIntro,
author = {X Xiao and  A Hannan and  B Bailey and  LM Ni},
title = {{Traffic Engineering with MPLS in the Internet.}},
booktitle = {{ IEEE Network Magazine}},
year = {Mar,2000},
}


@inproceedings{pareto,
author = {A Williams and M Arlitt and C Williamson and K Barker},
title = {{Web Workload Characterization: Ten Years Later}},
booktitle = {{Web Content Delivery, Volume 2}},
year = {2005},
}


@inproceedings{donar,
author = {Patrick Wendell and Joe Wenjie Jiang and Michael J Freedman and and Jennifer Rexford},
title = {{DONAR: Decentralized Server Selection for Cloud Services}},
booktitle = {{SIGCOMM}},
year = {2010},
}

@inproceedings{akamai-detour,
author = {AJ Su and  DR Choffnes and  A Kuzmanovic and  F Bustamante},
title = {{Drafting behind Akamai.}},
booktitle = {{SIGCOMM}},
year = {2006},
}



@inproceedings{Detour,
author = {S Savage and  T Anderson and  A Aggarwal and  D Becker and  N Cardwell and  A Collins and  E Hoffman and  J Snell and  A Vahdat and  G Voelker and  J Zahorjan},
title = {{Detour: Informed Internet routing and transport.}},
booktitle = {{IEEE MICRO}},
year = {1999},
}


@inproceedings{rexford,
author = {J Rexford},
title = {{Route optimization in IP networks.}},
booktitle = {{Handbook of Optimization in Telecommunications, Springer Science + Business Media}},
year = {February,2006},
}

@article{Feamster2003,
 author = {Feamster, Nick and Borkenhagen, Jay and Rexford, Jennifer},
 title = {Guidelines for Interdomain Traffic Engineering},
 journal = {SIGCOMM Comput. Commun. Rev.},
 issue_date = {October 2003},
 volume = {33},
 number = {5},
 month = oct,
 year = {2003},
 issn = {0146-4833},
 pages = {19--30},
 numpages = {12},
 url = {http://doi.acm.org/10.1145/963985.963988},
 doi = {10.1145/963985.963988},
 acmid = {963988},
 publisher = {ACM},
 address = {New York, NY, USA},
} 

@inproceedings{SingleHopDelay,
author = {K Papagiannaki and  S Moon and  C Fraleigh and  P Thiran and  C Diot},
title = {{Measurement and Analysis of Single-Hop Delay on an IP Backbone Network.}},
booktitle = {{IEEE JSAC}},
year = {2006},
}


@inproceedings{JointCCR,
author = {J He and  M Bresler and  M Chiang and  J Rexford},
title = {{Towards Robust Multi-layer Traffic Engineering: Optimization of Congestion Control and Routing.}},
booktitle = {{IEEE JSAC}},
year = {2007},
}

@inproceedings{JointCCR2,
author = {J He and  M Bresler and  M Chiang and  J Rexford},
title = {{Rethinking internet traffic management: from multiple decompositions to a practical protocol}},
booktitle = {{CONEXT}},
year = {2007},
}


@inproceedings{kazaa,
author = {KP Gummadi  and   RJ. Dunn  and   S Saroiu  and   SD Gribble  and   HM Levy  and   J Zahorjan},
title = {{Measurement, Modeling, and Analysis of a Peer-to-Peer File-Sharing Workload.}},
booktitle = {{}},
year = {2003},
}

@inproceedings{SprintBackbone,
author = {C Fraleigh and  S Moon and  B Lyles and  C Cotton and  M Khan and  D Moll and  R Rockell and  T Seely and  C Diot},
title = {{Packet-Level Traffic Measurements from the Sprint IP Backbone.}},
booktitle = {{IEEE Network}},
year = {2003},
}

@inproceedings{MOS-formula,
author = {RG Cole and  JH Rosenbluth},
title = {{Voice over IP performance monitoring.}},
booktitle = {{SIGCOMM CCR}},
year = {2001},
}

@Misc{Akamai-soti,
author={Akamai State of the Internet Reports},
note={\url{http://www.akamai.com/stateoftheinternet/}}
}



@Misc{AtlasReport,
author={ATLAS Internet Observatory 2009 Annual Report},
note={\url{http://www.nanog.org/meetings/nanog47/presentations/-Monday/Labovitz\_ObserveReport\_N47\_Mon.pdf}}
}


@Misc{Carpathia,
author={Carpathia},
note={\url{http://www.carpathia.com/assets/files/carpathialoadbalancesheet.pdf}}
}

@Misc{routerbuffersize,
author={R Bush and D Meyer},
title = {RFC 3439: Some internet architectural guidelines and philosophy},
year = {December 2003}
}


@inproceedings{ExpRouterBuffer,
author = {N Beheshti and  Y Ganjali and  M Ghobadi and  N McKeown and  G Salmon},
title = {{Experimental study of router buffer sizing.}},
booktitle = {{IMC}},
year = {2007},
}


@inproceedings{RFC3272,
author = {D Awduche and  A Chiu and  A Elwalid and  I Widjaja and  X Xiao},
title = {{Overview and Principles of Internet Traffic Engineering.}},
booktitle = {{RFC 3272}},
}

@inproceedings{OneClickHosting,
author = {D  Antoniades and  EP Markatos and  C Dovrolis},
title = {{One-Click Hosting Services: A File-Sharing Hideout.}},
booktitle = {{IMC}},
year = {2009},
}



@inproceedings{Akamai2002,
author = {J Dilley and B Maggs and J Parikh and H Prokop and  R Sitaraman and B Weihl},
title = {{"Globally distributed content delivery,"}},
booktitle = {{IEEE Internet Computing}},
year = {Sep/Oct2002},
}
	


@inproceedings{TR,
author = {Abhigyan and  Aditya Mishra and  Vikas Kumar and  Arun Venkataramani},
title = {{Beyond MLU : An Application Centric Comparison of Traffic Engineering Schemes}},
booktitle = {{UMASS Computer Science Technical Report}},
year = {UM-CS-2010-012},
}

@MISC{oasis,
author = {Michael J. Freedman and Karthik Lakshminarayanan and David Mazières},
title = {OASIS: Anycast for Any Service},
year = {2006}
}

@inproceedings{Lampson,
 author = {Lampson, Butler W},
 title = {Designing a Global Name Service},
 booktitle = {Proceedings of the Fifth Annual ACM Symposium on Principles of Distributed Computing},
 series = {PODC '86},
 year = {1986},
} 

@article{dynamo,
 author = {DeCandia, Giuseppe and Hastorun, Deniz and Jampani, Madan and Kakulapati, Gunavardhan and Lakshman, Avinash and Pilchin, Alex and Sivasubramanian, Swaminathan and Vosshall, Peter and Vogels, Werner},
 title = {Dynamo: Amazon's Highly Available Key-value Store},
 journal = {SIGOPS Oper. Syst. Rev.},
 issue_date = {December 2007},
 volume = {41},
 number = {6},
 month = oct,
 year = {2007},
} 

@inproceedings{vertical-paxos,
 author = {Lamport, Leslie and Malkhi, Dahlia and Zhou, Lidong},
 title = {Vertical Paxos and Primary-backup Replication},
 booktitle = {Proceedings of the 28th ACM Symposium on Principles of Distributed Computing},
 series = {PODC '09},
 year = {2009},
} 
 

@inproceedings{HAIR,
 author = {Feldmann, Anja and Cittadini, Luca and M\"{u}hlbauer, Wolfgang and Bush, Randy and Maennel, Olaf},
 title = {HAIR: hierarchical architecture for internet routing},
 booktitle = {ReArch},
 year = {2009},}
  
@ARTICLE{Mazieres, 
author={David Mazieres}, 
journal={PhD thesis}, 
title="{Self-certifying file system}",
 year = {2002},
}


@ARTICLE{Renesse, 
author={Robert van Renesse}, 
title="{Paxos Made Moderately Complex}",
 year = {2011},
}


@INPROCEEDINGS{NCDN,
    author = {Abhigyan  Sharma and Venkataramani, A and Sitaraman, R},
    title = {Distributing Content Simplifies ISP Traffic Engineering},
    booktitle = {SIGMETRICS},
    year = 2013
}


@INPROCEEDINGS{LAND,
    author = {Ittai Abraham and Dahlia Malkhi and Oren Dobzinski},
    title = {LAND: Stretch (1 + e) Locality-Aware Networks for DHTs},
    booktitle = {SODA},
    year = {2004},
}

@inproceedings{DoWeNeedReplica,
 author = {Magnus Karlsson and Mallik Mahalingam},
 title = {Do We Need Replica Placement Algorithms in Content Delivery Networks?},
 booktitle = {WCW},
 year = {2002},
}

@inproceedings{Huitema,
 author = {C. Huitema and S. Weerahandi.},
 title = {Internet Measurements: the Rising Tide and the DNS Snag},
 booktitle = {ITC Specialist Seminar on Internet Traffic Measurement and Modeling},
 year = {2000},
}

@inproceedings{AIP,
 author = {Andersen, David G. and Balakrishnan, Hari and Feamster, Nick and Koponen, Teemu and Moon, Daekyeong and Shenker, Scott},
 title = {Accountable internet protocol (aip)},
 booktitle = {SIGCOMM},
 year = {2008},
} 

@inproceedings{serval,
author = {Erik Nordstrom and David Shue and Prem Gopalan and Robert Kiefer and Matvey Arye and Steven Y. Ko and Jennifer Rexford and Michael J. Freedman},
title = {Serval: An End-Host Stack for Service-Centric Networking},
booktitle = {NSDI},
year = {2012},
}

@inproceedings{sandpiper,
 author = {Wood, Timothy and Shenoy, Prashant and Venkataramani, Arun and Yousif, Mazin},
 title = {Black-box and gray-box strategies for virtual machine migration},
 series = {NSDI},
 year = {2007},
} 


@inproceedings{volley,
 author = {Agarwal, Sharad and Dunagan, John and Jain, Navendu and Saroiu, Stefan and Wolman, Alec and Bhogan, Harbinder},
 title = {Volley: automated data placement for geo-distributed cloud services},
 booktitle = {NSDI},
 year = 2010
} 

@inproceedings{codons-paper,
 author = {Ramasubramanian, Venugopalan and Sirer, Emin G},
 title = {The design and implementation of a next generation name service for the internet},
 booktitle = {SIGCOMM},
 year = 2004
} 

@inproceedings{facilitylocationapprox,
 author = {Shmoys, David B. and Tardos, \'{E}va and Aardal, Karen},
 title = {Approximation algorithms for facility location problems (extended abstract)},
 series = {STOC},
 year = {1997},} 

@article{Jung,
 author = {Jung, Jaeyeon and Sit, Emil and Balakrishnan, Hari and Morris, Robert},
 title = {DNS performance and the effectiveness of caching},
 journal = {IEEE/ACM Trans. Netw.},
 issue_date = {October 2002},
} 

@inproceedings{ECCP,
author = {M. Arye and E. Nordstrom and R. Kiefer and J. Rexford and M. J. Freedman},
title = {A Formally-Verified Migration Protocol For Mobile, Multi-Homed Hosts},
booktitle = {ICNP},
year = {2012},
}

@inproceedings{Migrate,
author = {A. C. Snoeren and H. Balakrishnan},
title = {An end-to-end approach to host mobility},
booktitle = {MobiCom}, 
year = {2000},
}

@inproceedings{Pappas,
 author = {Pappas, Vasileios and Xu, Zhiguo and Lu, Songwu and Massey, Daniel and Terzis, Andreas and Zhang, Lixia},
 title = {Impact of configuration errors on DNS robustness},
 booktitle = {SIGCOMM},
 year = {2004},
} 


@INPROCEEDINGS{Brownlee, 
author={Brownlee, N. and Claffy, K.C. and Nemeth, E.}, 
booktitle={GLOBECOM '01. IEEE}, 
title={DNS measurements at a root server}, 
year={2001}, 
}


@article{Grapevine,
 author = {Schroeder, Michael D. and Birrell, Andrew D. and Needham, Roger M.},
 title = {Experience with Grapevine:  the growth of a distributed system},
 journal = {ACM Trans. Comput. Syst.},
 year = {1984},
} 

@article{XeroxClearingHouse,
 author = {Oppen, Derek C. and Dalal, Yogen K.},
 title = {The clearinghouse: a decentralized agent for locating named objects in a distributed environment},
 journal = {ACM Trans. Inf. Syst.},
 issue_date = {July 1983},
} 


@inproceedings{LampsonPODC86,
author = {Lampson, Butler W},
title = {Designing a global name service},
series = {PODC'86},
} 


@inproceedings{INS,
 author = {Adjie-Winoto, William and Schwartz, Elliot and Balakrishnan, Hari and Lilley, Jeremy},
 title = {The design and implementation of an intentional naming system},
 series = {SOSP},
 year = {1999}
} 


@INPROCEEDINGS{ActiveNames, 
author={Vahdat, A. and Dahlin, M. and Anderson, T. and Aggarwal, A.}, 
booktitle={USITS}, title={Active Names: flexible location and transport of wide-area resources}, 
year={1999}, 
}



@article{ROFL,
 author = {Caesar, Matthew and Condie, Tyson and Kannan, Jayanthkumar and Lakshminarayanan, Karthik and Stoica, Ion},
 title = {{ROFL: routing on flat labels}},
 journal = {SIGCOMM.},
 year = { 2006},
} 


@inproceedings{ATTVoD,
 author = {Applegate, David and Archer, Aaron and Gopalakrishnan, Vijay and Lee, Seungjoon and Ramakrishnan, K. K.},
 title = {Optimal content placement for a large-scale VoD system},
 series = {CoNEXT},
 year = {2010},
 } 




@article{TimWood,
 author = {Wood, Timothy and Tarasuk-Levin, Gabriel and Shenoy, Prashant and Desnoyers, Peter and Cecchet, Emmanuel and Corner, Mark D.},
 title = {Memory buddies: exploiting page sharing for smart colocation in virtualized data centers},
 journal = {SIGOPS Oper. Syst. Rev.},
 issue_date = {July 2009},
} 


@article{VahdatOSDI,
 author = {Gupta, Diwaker and Lee, Sangmin and Vrable, Michael and Savage, Stefan and Snoeren, Alex C. and Varghese, George and Voelker, Geoffrey M. and Vahdat, Amin},
 title = {Difference engine: harnessing memory redundancy in virtual machines},
 journal = {Commun. ACM},
 issue_date = {October 2010},
} 

@inproceedings{cox,
  author    = {Russ Cox and Athicha Muthitacharoen and Robert Morris},
  title     = {Serving DNS Using a Peer-to-Peer Lookup Service},
  booktitle = {IPTPS},
  year      = {2002}, 
}

@INPROCEEDINGS{DHTdns, 
author={Pappas, V. and Massey, D. and Terzis, A. and Zhang, L.}, 
booktitle={INFOCOM}, 
title={A Comparative Study of the DNS Design with DHT-Based Alternatives}, 
year={2006}, 
}


@inproceedings{codns,
  author    = {KyoungSoo Park and  Vivek S. Pai and  Larry L. Peterson and  Zhe Wang},
  title     = {CoDNS: Improving DNS Performance and Reliability via Cooperative
               Lookups},
  booktitle = {OSDI},
  year      = {2004},
}


@inproceedings{XIA,
 author = {Han, Dongsu and Anand, Ashok and Dogar, Fahad and Li, Boyan and Lim, Hyeontaek and Machado, Michel and Mukundan, Arvind and Wu, Wenfei and Akella, Aditya and Andersen, David G. and Byers, John W. and Seshan, Srinivasan and Steenkiste, Peter},
 title = {XIA: efficient support for evolvable internetworking},
 booktitle = {NSDI},
 year = 2012
} 

@inproceedings{DONA,
 author = {Koponen, Teemu and Chawla, Mohit and Chun, Byung-Gon and Ermolinskiy, Andrey and Kim, Kye Hyun and Shenker, Scott and Stoica, Ion},
 title = {A data-oriented (and beyond) network architecture},
  booktitle = {SIGCOMM},
    year      = {2007},
}


@inproceedings{consistent-hashing,
 author = {Karger, David and Lehman, Eric and Leighton, Tom and Panigrahy, Rina and Levine, Matthew and Lewin, Daniel},
 title = {Consistent hashing and random trees: distributed caching protocols for relieving hot spots on the World Wide Web},
 series = {STOC '97},
} 


@inproceedings{beehive,
  author    = {Venugopalan Ramasubramanian and  Emin Gun Sirer},
  title     = {Beehive: O(1) Lookup Performance for Power-Law Query Distributions in Peer-to-Peer Overlays},
  booktitle = {NSDI},
  year      = {2004},
}

@rfc{Saltzer:1993:NBN:RFC1498,
 author = {Saltzer, J.},
  title = {On the Naming and Binding of Network Destinations},
   year = {1993},
    publisher = {RFC Editor},
} 

@inproceedings{HIP,
author = {P. Jokela and P. Nikander and J. Melen and J. Ylitalo and J. Wall},
title = {Host Identity Protocol, extended abstract},
booktitle = {Wireless World Research Forum},
year = {2004},
}

@inproceedings{FARA,
author = {D. Clark and R. Braden and A. Falk and V. Pingali}, 
title = {FARA: Reorganizing the addressing architecture},
booktitle = {SIGCOMM FDNA Workshop}, 
year = {2003},
}

@inproceedings{LNAI,
author = {H. Balakrishnan and K. Lakshminarayanan and S. Ratnasamy and S. Shenker and I. Stoica and M. Walfish}, 
title = {A layered naming architecture for the Internet},
booktitle = {SIGCOMM}, 
year = {2004},
}


@inproceedings{VuICDCS12,
author = {T. Vu and A. Baid and Y. Zhang and T. D. Nguyen and J. Fukuyama and R. P. Martin and D. Raychaudhuri}, 
title = {DMap: A Shared Hosting Scheme for Dynamic Identiøer to Locator Mappings in the Global Internet}, 
booktitle = {Proceedings of IEEE ICDCS},
year = {2012}, 
}

@article{compact-routing,
 author = {Krioukov, Dmitri and claffy, k c and Fall, Kevin and Brady, Arthur},
 title = {On compact routing for the internet},
 journal = {SIGCOMM CCR}, 
 year = {2007}, 
 } 


@inproceedings{mm1,
author = {Kleinrock, Leonard}, 
title = {}, 
booktitle = {Queueing Systems Vol 1: Theory. p. 77},
year = {1975}, 
}


@article{MIP,
author = {Charles E. Perkins},
title = {Mobile {IP}},
journal = {IEEE Comm. Magazine},
year = {1997},
month = {May}
}

@Misc{TCP-R,
 author = {Funato, D. and Yasuda, K. and Tokuda, H.},
 title = {TCP-R: TCP mobility support for continuous operation},
 series = {ICNP '97},} 

@inproceedings{CCN,
 author = {Jacobson, Van and Smetters, Diana K. and Thornton, James D. and Plass, Michael F. and Briggs, Nicholas H. and Braynard, Rebecca L.},
 title = {Networking named content},
 booktitle = {CoNEXT},
 year = 2009} 

@inproceedings{UIP,
  title = {Unmanaged Internet Protocol: Taming the Edge Network Management Crisis},
  author = {Bryan Ford},
  booktitle = {{HotNets-II}},
    year = {2003},
}

@INPROCEEDINGS{i3,
    author = {Ion Stoica and Daniel Adkins and Shelley Zhuang and Scott Shenker and Sonesh Surana},
    title = {Internet Indirection Infrastructure},
    booktitle = {SIGCOMM},
    year = {2002}
}

@inproceedings{LNA,
author = {H. Balakrishnan and K. Lakshminarayanan and S. Ratnasamy and S. Shenker and I. Stoica and M. Walfish}, 
title = {A layered naming architecture for the Internet},
booktitle = {SIGCOMM}, 
year = {2004},
}


@inproceedings{DOA,
 title = "Middleboxes No Longer Considered Harmful",
 author = {Michael Walfish and Jeremy Stribling and Maxwell Krohn and Hari Balakrishnan and Robert Morris and Scott Shenker},
 booktitle = {OSDI},
 year = {2004},
 
}

@Misc{edgecomputing,
title={Akamai Edge Computing},
note={\url{http://www.akamai.com/html/solutions/edge_computing.html}},
}


@Misc{GSM,
title={{GSM Technical Specifications}},
note={GSM UMTS 3GPPNumbering Cross Reference. ETSI. Retrieved 30 December 2009},
}

@article{DNS,
      author         = {P. Mockapetris},
      title          = {Domain Names - Concepts and Facilities},
      journal        = {The Internet Society},
      volume         = {RFC 1034},
      year           = {"1987"},
}


@Misc{google-app-engine,
title={Google App Engine},
note={\url{https://developers.google.com/appengine/}},
}

@Misc{windowsazure,
title={Microsoft Windows Azure},
note={\url{http://www.windowsazure.com/en-us/}},
}

@Misc{alexa,
title={Alexa Web Information Service},
note={\url{http://www.alexa.com}},
}

@Misc{BitTorrent,
author={Bram Cohen},
title={{The BitTorrent Protocol Specification}},
note={\url{http://www.bittorrent.org/beps/bep_0003.html}},
year={2008}
}


@Misc{FIND,
author={NSF},
title={{Future Internet Design}},
note={\url{http://www.nets-find.net/}},
year={2012}
}


@Misc{GENI,
author={GENI},
title={{Global Environment for Network Innovations}},
note={\url{http://www.geni.net/}},
year={2012}
}


@Misc{FIA,
author={NSF},
title={{Future Internet Architecture Project}},
note={\url{http://www.nets-fia.net/}},
year={2012}
}

@Misc{MobilityFirst,
author={NSF},
title={{MobilityFirst Future Internet Architecture Project}},
note={\url{http://mobilityfirst.winlab.rutgers.edu//}},
year={2012}
}

@Misc{serverfault,
author={},
title={{Server fault: DNS - Any way to force a name server to update the record of a domain?}},
note={\url{http://serverfault.com/questions/41018/dns-any-way-to-force-a-nameserver-to-update-the-record-of-a-domain}},
}


@Misc{apple-notification-system,
author={},
title={{Apple Push Notification System}},
note={\url{http://bit.ly/10hMxqs}},
}

@Misc{Skype,
author={},
title={{Skype}},
note={\url{www.skype.com}},
}

@Misc{cisco,
author={Cisco},
title={Cisco Visual Networking Index: Global Mobile Data Traffic Forecast Update, 2012-2017}
}

@Misc{APNS,
author={},
title={{Apple Push Notification }},
note={\url{www.skype.com}},
}

@Misc{Dropbox,
author={},
title={{Skype}},
note={\url{www.dropbox.com}},
}

@Misc{NDN,
author={},
title={{Named data networking}},
note={\url{http://www.named-data.net/}}
}

@Misc{gartner,
author={Gartner},
title={{Mobile Connections Will Reach 5.6 Billion in 2011}},
note={\url{http://www.gartner.com/it/page.jsp?id=1759714}},
year={2011}
}

@article{comet,
      author         = "Solontoi, Michael and Ivezic, Zeljko and West, Andrew A.
                        and Claire, Mark and Juric, Mario and others",
      title          = "{Detecting active comets with SDSS}",
      journal        = "Icarus",
      volume         = "205",
      pages          = "605-618",
      doi            = "10.1016/j.icarus.2009.07.042",
      year           = "2010",
}

@inproceedings{Mockapetris:1988:DDN:52324.52338,
 author = {Mockapetris, P. and Dunlap, K. J.},
  title = {Development of the domain name system},
   booktitle = {Symposium proceedings on Communications architectures
   and protocols},
    series = {SIGCOMM '88},
	 year = {1988},
	  isbn = {0-89791-279-9},
	   location = {Stanford, California, USA},
	    pages = {123--133},
		 numpages = {11},
		  url = {http://doi.acm.org/10.1145/52324.52338},
		   doi = {10.1145/52324.52338},
		    acmid = {52338},
			 publisher = {ACM},
			  address = {New York, NY, USA},
			  } 
@Misc{CIA,
author={CIA},
title={{The World Factbook}},
note={\url{https://www.cia.gov/library/publications/the-world-factbook/rankorder/2184rank.html}},
year={2011}
}

@Misc{LISP,
author={},
title={{The Locator/ID Separation Protocol (LISP)}},
note={RFC 6830}
}

@Misc{nimrod,
author={I. Castineyra and N. Chiappa and M. Steenstrup},
title={Nimrod Routing Architecture},
note={RFC 1992}
}

@Misc{dnssec,
author={DNSSEC},
title={{DNS Threats \& Weaknesses of the Domain Name System}},
note={\url{http://www.dnssec.net/dns-threats.php}},
year={2012}
}


@Misc{akamai,
title={Akamai},
note={\url{http://www.akamai.com/}},
}

@inproceedings{TRIAD,
  title={An Architecture for Content Routing Support in the Internet.},
  author={Gritter, Mark and Cheriton, David R},
  booktitle={USITS},
  year={2001}
}

@Misc{mysql,
title={mysql},
note={\url{http://www.mysql.com/}},
}
@Misc{limelight,
title={Limelight Networks},
note={\url{http://www.limelight.com/}},
}

@Misc{AWS-load-balancing,
title={Amazon Elastic Load Balancing},
note={\url{http://aws.amazon.com/elasticloadbalancing/}},
}

@Misc{twitter,
title={Twitter},
note={\url{https://twitter.com/}},
}



@Misc{cassandra,
title={Cassandra},
note={\url{http://cassandra.apache.org}},
}


@Misc{guava,
title={Guava: Google's core libraries},
note={\url{http://bit.ly/1782BOB}},
}



@inproceedings{Jacobson,
 author = {Jacobson, V.},
 title = {Congestion avoidance and control},
 booktitle = {SIGCOMM'88},
} 


@Misc{ultradns,
title={Ultra DNS},
note={\url{http://www.neustar.biz/}},
}

@Misc{dyndns,
title={Dyn  DNS},
note={\url{http://dyn.com/}},
}

@Misc{MPTCP,
title={Multipath TCP},
note={\url{http://datatracker.ietf.org/wg/mptcp/charter/}},
}


@Misc{dnsmadeeasy,
title={DNS Made Easy},
note={\url{http://www.dnsmadeeasy.com}},
}

@Misc{TCP-Migrate,
title={The Migrate Internet Mobility Project},
note={\url{http://nms.csail.mit.edu/projects/migrate/}},
}

@Misc{dnscompare,
title={Comparison and Analysis of Managed DNS Providers},
note={Cloud Harmony Inc},
Year={Aug 2012},
Author={Jason Read}
}


@Misc{gnrswebsite,
title={GNRS portal},
note={\url{http://gnrs.name}},
}

@article{LamportPaxos,
 author = {Lamport, Leslie},
 title = {The part-time parliament},
 journal = {ACM Trans. Comput. Syst.},
 issue_date = {May 1998},
 volume = {16},
 number = {2},
 month = may,
 year = {1998},
 issn = {0734-2071},
 pages = {133--169},
 numpages = {37},
 url = {http://doi.acm.org/10.1145/279227.279229},
 doi = {10.1145/279227.279229},
 acmid = {279229},
 publisher = {ACM},
 address = {New York, NY, USA},
 keywords = {state machines, three-phase commit, voting},
} 


@inproceedings{mazieres1,
 author = {David Mazieres},
 title = {Paxos Made Practical},
 note={\url{http://www.scs.stanford.edu/~dm/home/papers/paxos.pdf}},
} 

@inproceedings{liskov,
 author = {Oki, Brian M. and Liskov, Barbara H.},
 title = {Viewstamped Replication: A New Primary Copy Method to Support Highly-Available Distributed Systems},
 booktitle = {PODC},
 year = {1988},
} 

@MISC{Mazieres_paxosmade,
    author = {David MaziËres},
	    title = {Paxos Made Practical},
		    year = {}
			}

			
@book{jainFairness,
  title={A quantitative measure of fairness and discrimination for resource allocation in shared computer system},
  author={Jain, Raj and Chiu, Dah-Ming and Hawe, William R},
  year={1984},
  publisher={Eastern Research Laboratory, Digital Equipment Corporation}
}


@article{lamport2008stoppable,
  title={Stoppable paxos},
  author={Lamport, Leslie and Malkhi, Dahlia and Zhou, Lidong},
  journal={TechReport, Microsoft Research},
  year={2008}
}

@Misc{opendns,
title={{Open DNS}},
note={\url{http://www.opendns.com/}},
}


@Misc{googledns,
title={{Google Public DNS}},
note={\url{http://bit.ly/11ku8EP}},
}


@Misc{msocketTR,
title={{msocket: System Support for Developing Seamlessly Mobile, Multipath, and Middlebox-Agnostic Applications}},
note={\url{http://sites.google.com/site/msockettech/home}},
}


@Misc{techreportAuspice,
title={{A Global Name Service for a Highly Mobile Internet}},
note={\url{https://sites.google.com/site/auspicegns/home}},
}


@Misc{whois,
title={Whois Lookup for Domain and IP Address Research},
note={\url{http://www.whois.sc/internet-statistics/}},
}

@article{spanner,
 author = {Corbett, James C. and Dean, Jeffrey and Epstein, Michael and et al.},
 title = {Spanner: Google's Globally Distributed Database},
 journal = {ACM Trans. Comput. Syst.},
 year = {2013},
} 

@inproceedings{Gao2013,
 author = {Gao, Hongyu and Yegneswaran, Vinod and Chen, Yan and Porras, Phillip and Ghosh, Shalini and Jiang, Jian and Duan, Haixin},
 title = {An empirical reexamination of global DNS behavior},
 booktitle = {SIGCOMM},
 year = {2013},
 isbn = {978-1-4503-2056-6},
 location = {Hong Kong, China},
 pages = {267--278},
 numpages = {12},
 url = {http://doi.acm.org/10.1145/2486001.2486018},
 doi = {10.1145/2486001.2486018},
 acmid = {2486018},
 publisher = {ACM},
 address = {New York, NY, USA},
 keywords = {dns, malicious domain detection, measurement},
} 

@Misc{MobilityFirst-UMASS,
title={{MobilityFirst Future Internet Architecture Project}},
note={\url{http://mobilityfirst.cs.umass.edu/}},
}


@article{GNRS-comsnets,
 author = {Arun Venkataramani and Xiaozheng Tie and Abhigyan Sharma and David Westbrook and Hardeep Uppal and Jim Kurose and Dipankar Raychaudhuri},
 title = {Design Guidelines for a Global Name Service for a Mobility-Centric, Trustworthy Internetwork},
 journal = {COMSNETS},
 year = {2013},
} 


@inproceedings{Wiffler,
 author = {Balasubramanian, Aruna and Mahajan, Ratul and Venkataramani, Arun},
 title = {Augmenting mobile 3G using WiFi},
 booktitle = {MobiSys},
 year = {2010},
} 



@Misc{personal-comunications-at-FIA-meetings,
title={{Personal comunications at FIA meetings}},
}


@inproceedings{iplane,
 author = {Madhyastha, Harsha V. and Isdal, Tomas and Piatek, Michael and Dixon, Colin and Anderson, Thomas and Krishnamurthy, Arvind and Venkataramani, Arun},
 title = {iPlane: an information plane for distributed services},
 booktitle = {OSDI},
 year = {2006},
 isbn = {1-931971-47-1},
 location = {Seattle, Washington},
 pages = {367--380},
 numpages = {14},
 url = {http://dl.acm.org/citation.cfm?id=1298455.1298490},
 acmid = {1298490},
 publisher = {USENIX Association},
 address = {Berkeley, CA, USA},
} 



@Misc{EDNS,
title={{Extension Mechanisms for DNS}},
note={\url{http://tools.ietf.org/html/rfc6891}},
}


@inproceedings{twitter-www,
author = {Kwak, Haewoon and Lee, Changhyun and Park, Hosung and Moon, Sue},
title = {What is Twitter, a social network or a news media?},
booktitle = {WWW},
year = {2010},
}

@inproceedings{locality-conext,
 author = {Wittie, Mike P. and Pejovic, Veljko and Deek, Lara and Almeroth, Kevin C. and Zhao, Ben Y.},
 title = {Exploiting locality of interest in online social networks},
 booktitle = {CoNEXT},
 year = {2010},
}

@inproceedings{consensus-routing,
 author = {John, John P. and Katz-Bassett, Ethan and Krishnamurthy, Arvind and Anderson, Thomas and Venkataramani, Arun},
 title = {Consensus routing: the internet as a distributed system},
series = {NSDI'08},
 } 


@Misc{youtubedemo,
title={{Auspice Emergency Geocast}},
note={\url{http://www.youtube.com/watch?v=EfDaqs0uuBY&feature=youtu.be}},
}


@Misc{CAP,
title={{CAP theorem}},
note={\url{http://en.wikipedia.org/wiki/CAP_theorem}},
}

@inproceedings{Lloyd,
 author = {Lloyd, Wyatt and Freedman, Michael J. and Kaminsky, Michael and Andersen, David G.},
 title = {Don't settle for eventual: scalable causal consistency for wide-area storage with COPS},
 booktitle = {Proceedings of the Twenty-Third ACM Symposium on Operating Systems Principles},
 series = {SOSP '11},
 year = {2011},
 isbn = {978-1-4503-0977-6},
 location = {Cascais, Portugal},
 pages = {401--416},
 numpages = {16},
 url = {http://doi.acm.org/10.1145/2043556.2043593},
 doi = {10.1145/2043556.2043593},
 acmid = {2043593},
 publisher = {ACM},
 address = {New York, NY, USA},
 keywords = {ALPS systems, causal + consistency, key-value storage, read transactions, scalable wide-area replication},
} 

@inproceedings{Escriva,
 author = {Escriva, Robert and Wong, Bernard and Sirer, Emin G\"{u}n},
 title = {HyperDex: a distributed, searchable key-value store},
 booktitle = {Proceedings of the ACM SIGCOMM 2012 conference on Applications, technologies, architectures, and protocols for computer communication},
 series = {SIGCOMM '12},
 year = {2012},
 isbn = {978-1-4503-1419-0},
 location = {Helsinki, Finland},
 pages = {25--36},
 numpages = {12},
 url = {http://doi.acm.org/10.1145/2342356.2342360},
 doi = {10.1145/2342356.2342360},
 acmid = {2342360},
 publisher = {ACM},
 address = {New York, NY, USA},
 keywords = {fault-tolerance, key-value store, nosql, performance, strong consistency},
} 


@Misc{mongodb,
title={{Mongo DB}},
note={\url{http://www.mongodb.org/}},
}


@inproceedings{DhamdhereIPv6,
 author = {Dhamdhere, Amogh and Luckie, Matthew and Huffaker, Bradley and claffy, kc and Elmokashfi, Ahmed and Aben, Emile},
 title = {Measuring the Deployment of IPv6: Topology, Routing and Performance},
 booktitle = {Proceedings of the 2012 ACM Conference on Internet Measurement Conference},
 series = {IMC '12},
 year = {2012},
 isbn = {978-1-4503-1705-4},
 location = {Boston, Massachusetts, USA},
 pages = {537--550},
 numpages = {14},
 url = {http://doi.acm.org/10.1145/2398776.2398832},
 doi = {10.1145/2398776.2398832},
 acmid = {2398832},
 publisher = {ACM},
 address = {New York, NY, USA},
 keywords = {IPv6, performance, routing, topology},
} 

@Misc{ipv6Launch,
title={{World IPv6 Launch}},
note={\url{http://www.worldipv6launch.org/}},
}



@Misc{ICANN-debate-Sems,
title={{Debate rages over who should control ICANN}},
booktitle = {Processor},
year = {2009},
}

@Misc{ICANN-debate-Gross,
title={{ICANN hears concerns about accountability, control}},
booktitle = {Infoworld},
year = {2008},
note =
{\url{http://www.infoworld.com/t/networking/icann-hears-concerns-about-accountability-control-216}},
}



@inproceedings{Ghodsi,
 author = {Ghodsi, Ali and Shenker, Scott and Koponen, Teemu and Singla, Ankit and Raghavan, Barath and Wilcox, James},
 title = {Information-centric Networking: Seeing the Forest for the Trees},
 booktitle = {Proceedings of the 10th ACM Workshop on Hot Topics in Networks},
 series = {HotNets-X},
 year = {2011},
 isbn = {978-1-4503-1059-8},
 location = {Cambridge, Massachusetts},
 pages = {1:1--1:6},
 articleno = {1},
 numpages = {6},
 url = {http://doi.acm.org/10.1145/2070562.2070563},
 doi = {10.1145/2070562.2070563},
 acmid = {2070563},
 publisher = {ACM},
 address = {New York, NY, USA},
 keywords = {information-centric networking, internet architecture},
} 

@article{selfishQiu,
 author = {Qiu, Lili and Yang, Yang Richard and Zhang, Yin and Shenker, Scott},
 title = {On Selfish Routing in Internet-like Environments},
 journal = {IEEE/ACM Trans. Netw.},
 issue_date = {August 2006},
 volume = {14},
 number = {4},
 month = aug,
 year = {2006},
 issn = {1063-6692},
 pages = {725--738},
 numpages = {14},
 url = {http://dx.doi.org/10.1109/TNET.2006.880179},
 doi = {10.1109/TNET.2006.880179},
 acmid = {1217651},
 publisher = {IEEE Press},
 address = {Piscataway, NJ, USA},
 keywords = {game theory, optimization, overlay, relaxation, selfish routing, traffic engineering, traffic equilibrium},
} 


@article{Roughgarden,
 author = {Roughgarden, Tim and Tardos, \'{E}va},
 title = {How Bad is Selfish Routing?},
 journal = {J. ACM},
 issue_date = {March 2002},
 volume = {49},
 number = {2},
 month = mar,
 year = {2002},
 issn = {0004-5411},
 pages = {236--259},
 numpages = {24},
 url = {http://doi.acm.org/10.1145/506147.506153},
 doi = {10.1145/506147.506153},
 acmid = {506153},
 publisher = {ACM},
 address = {New York, NY, USA},
 keywords = {Braess's Paradox, Nash equilibria, network flow, selfish routing},
} 


@inproceedings{youtubeUGC,
 author = {Cha, Meeyoung and Kwak, Haewoon and Rodriguez, Pablo and Ahn, Yong-Yeol and Moon, Sue},
 title = {I tube, you tube, everybody tubes: analyzing the world's largest user generated content video system},
 booktitle = {Proceedings of the 7th ACM SIGCOMM conference on Internet measurement},
 series = {IMC '07},
 year = {2007},
 isbn = {978-1-59593-908-1},
 location = {San Diego, California, USA},
 pages = {1--14},
 numpages = {14},
 url = {http://doi.acm.org/10.1145/1298306.1298309},
 doi = {10.1145/1298306.1298309},
 acmid = {1298309},
 publisher = {ACM},
 address = {New York, NY, USA},
 keywords = {caching, content aliasing, long tail, p2p, popularity analysis, power-law, user generated content, vod},
} 

@inproceedings{cellularvideotraffic,
 author = {Erman, Jeffrey and Gerber, Alexandre and Ramadrishnan, K. K. and Sen, Subhabrata and Spatscheck, Oliver},
 title = {Over the top video: the gorilla in cellular networks},
 booktitle = {Proceedings of the 2011 ACM SIGCOMM conference on Internet measurement conference},
 series = {IMC '11},
 year = {2011},
 isbn = {978-1-4503-1013-0},
 location = {Berlin, Germany},
 pages = {127--136},
 numpages = {10},
 url = {http://doi.acm.org/10.1145/2068816.2068829},
 doi = {10.1145/2068816.2068829},
 acmid = {2068829},
 publisher = {ACM},
 address = {New York, NY, USA},
 keywords = {network optimization},
} 

@inproceedings{vodP2Pbenefit,
 author = {Huang, Cheng and Li, Jin and Ross, Keith W.},
 title = {Can internet video-on-demand be profitable?},
 booktitle = {Proceedings of the 2007 conference on Applications, technologies, architectures, and protocols for computer communications},
 series = {SIGCOMM '07},
 year = {2007},
 isbn = {978-1-59593-713-1},
 location = {Kyoto, Japan},
 pages = {133--144},
 numpages = {12},
 url = {http://doi.acm.org/10.1145/1282380.1282396},
 doi = {10.1145/1282380.1282396},
 acmid = {1282396},
 publisher = {ACM},
 address = {New York, NY, USA},
 keywords = {ISP-friendly, peer-to-peer, video-on-demand},
}


@book{wessels2009squid,
  title={Squid: the definitive guide},
  author={Wessels, Duane},
  year={2009},
  publisher={O'Reilly}
}

@article{davison2001web,
  title={A web caching primer},
  author={Davison, Brian D},
  journal={Internet Computing, IEEE},
  volume={5},
  number={4},
  pages={38--45},
  year={2001},
  publisher={IEEE}
}

@article{gadde2001web,
  title={Web caching and content distribution: A view from the interior},
  author={Gadde, Syam and Chase, Jeff and Rabinovich, Michael},
  journal={Computer Communications},
  volume={24},
  number={2},
  pages={222--231},
  year={2001},
  publisher={Elsevier}
}


@Misc{sql-geo-replication,
title={{Geo-Replication Performance Gains with Microsoft SQL Server 2008 Running on Windows Server 2008}},
note={\url{http://technet.microsoft.com/en-us/library/dd263442(v=sql.100).aspx}},
}



@article{barbir2003known,
  title={Known content network (CN) request-routing mechanisms},
  author={Barbir, A and Cain, Brad and Nair, Raj and Spatscheck, Oliver},
  journal={Internet Engineering Task Force RFC},
  volume={3568},
  year={2003}
}

@Misc{rahul2006overlays,
   author =       "Hariharan Rahul and Mangesh Kasbekar and Ramesh Sitaraman and Arthur Berger",
   title =        "{Towards Realizing the Performance and Availability Benefits of a Global Overlay Network}",
   note =    {\url{http://hdl.handle.net/1721.1/30580}},
   year =         {2006},
}
	


@Misc{dcTotal,
   author =       "Tessel Renzenbrink ",
   title =        "{Data Centers Use 1.3\% of World's Total Electricity. A Decline in growth}",
   note =    {\url{http://www.techthefuture.com/energy/data-centers-use-1-3-of-worlds-total-electricity-a-decline-in-growth/	}},
   year =         {2011},
}


@Misc{openFlow,
   author =       "Open Networking Foundation  ",
   title =        "{Open Networking Foundation}",
   note =    {\url{https://www.opennetworking.org/}},
}
@Misc{squid,
   author =       "Squid: Optimising Web Delivery
 ",
   title =        "{Squid: Optimising Web Delivery}",
   note =    {\url{http://www.squid-cache.org/}},
}



@inproceedings{response,
 author = {Vasi\'{c}, Nedeljko and Bhurat, Prateek and Novakovi\'{c}, Dejan and Canini, Marco and Shekhar, Satyam and Kosti\'{c}, Dejan},
 title = {Identifying and using energy-critical paths},
 booktitle = {Proceedings of the Seventh COnference on emerging Networking EXperiments and Technologies},
 series = {CoNEXT '11},
 year = {2011},
 isbn = {978-1-4503-1041-3},
 location = {Tokyo, Japan},
 pages = {18:1--18:12},
 articleno = {18},
 numpages = {12},
 url = {http://doi.acm.org/10.1145/2079296.2079314},
 doi = {10.1145/2079296.2079314},
 acmid = {2079314},
 publisher = {ACM},
 address = {New York, NY, USA},
} 


@inproceedings{elasticTree,
 author = {Heller, Brandon and Seetharaman, Srini and Mahadevan, Priya and Yiakoumis, Yiannis and Sharma, Puneet and Banerjee, Sujata and McKeown, Nick},
 title = {ElasticTree: saving energy in data center networks},
 booktitle = {Proceedings of the 7th USENIX conference on Networked systems design and implementation},
 series = {NSDI'10},
 year = {2010},
 location = {San Jose, California},
 pages = {17--17},
 numpages = {1},
 url = {http://dl.acm.org/citation.cfm?id=1855711.1855728},
 acmid = {1855728},
 publisher = {USENIX Association},
 address = {Berkeley, CA, USA},
} 


@INPROCEEDINGS{greenTE, 
author={Mingui Zhang and Cheng Yi and Bin Liu and Beichuan Zhang}, 
booktitle={Network Protocols (ICNP), 2010 18th IEEE International Conference on}, 
title={GreenTE: Power-aware traffic engineering}, 
year={2010}, 
pages={21-30}, 
keywords={energy conservation;integer programming;power aware computing;telecommunication computing;telecommunication links;telecommunication network routing;telecommunication network topology;GreenTE;current network infrastructure;intra-domain traffic engineering mechanism;line-card power consumption reduction;link utilization;packet delay;power-aware traffic engineering;router power management;shortest path routing;Delay;Mathematical model;Multiprotocol label switching;Network topology;Power demand;Routing;Turning}, 
doi={10.1109/ICNP.2010.5762751}, 
ISSN={1092-1648},}

@article{Chiaraviglio,
 author = {Chiaraviglio, Luca and Mellia, Marco and Neri, Fabio},
 title = {Minimizing ISP network energy cost: formulation and solutions},
 journal = {IEEE/ACM Trans. Netw.},
 issue_date = {April 2012},
 volume = {20},
 number = {2},
 month = apr,
 year = {2012},
 issn = {1063-6692},
 pages = {463--476},
 numpages = {14},
 url = {http://dx.doi.org/10.1109/TNET.2011.2161487},
 doi = {10.1109/TNET.2011.2161487},
 acmid = {2317341},
 publisher = {IEEE Press},
 address = {Piscataway, NJ, USA},
 keywords = {green networks, link and node switchoff, network design},
} 


@INPROCEEDINGS{Andrews, 
author={Andrews, M. and Anta, A.F. and Zhang, L. and Wenbo Zhao}, 
booktitle={INFOCOM, 2010 Proceedings IEEE}, 
title={Routing for Energy Minimization in the Speed Scaling Model}, 
year={2010}, 
pages={1-9}, 
keywords={minimisation;telecommunication network routing;telecommunication traffic;energy minimization;integral routing;network optimization;speed scaling model;telecommunication networks;telecommunication traffic;Bandwidth;Communications Society;Computer networks;Energy consumption;Energy efficiency;Integral equations;Polynomials;Routing;Switches;Telecommunication traffic},
doi={10.1109/INFCOM.2010.5462071}, 
ISSN={0743-166X},}


@inproceedings{ananta,
 author = {Patel, Parveen and Bansal, Deepak and Yuan, Lihua and Murthy, Ashwin and Greenberg, Albert and Maltz, David A. and Kern, Randy and Kumar, Hemant and Zikos, Marios and Wu, Hongyu and Kim, Changhoon and Karri, Naveen},
 title = {Ananta: cloud scale load balancing},
 booktitle = {Proceedings of the ACM SIGCOMM 2013 conference on SIGCOMM},
 series = {SIGCOMM '13},
 year = {2013},
 isbn = {978-1-4503-2056-6},
 location = {Hong Kong, China},
 pages = {207--218},
 numpages = {12},
 url = {http://doi.acm.org/10.1145/2486001.2486026},
 doi = {10.1145/2486001.2486026},
 acmid = {2486026},
 publisher = {ACM},
 address = {New York, NY, USA},
 keywords = {distributed systems, server load balancing, software defined networking},
} 

@inproceedings{ettm,
 author = {Dixon, Colin and Uppal, Hardeep and Brajkovic, Vjekoslav and Brandon, Dane and Anderson, Thomas and Krishnamurthy, Arvind},
 title = {ETTM: a scalable fault tolerant network manager},
 booktitle = {Proceedings of the 8th USENIX conference on Networked systems design and implementation},
 series = {NSDI'11},
 year = {2011},
 location = {Boston, MA},
 pages = {7--7},
 numpages = {1},
 url = {http://dl.acm.org/citation.cfm?id=1972457.1972467},
 acmid = {1972467},
 publisher = {USENIX Association},
 address = {Berkeley, CA, USA},
} 


@inproceedings{Chowdhury,
 author = {Chowdhury, Mosharaf and Kandula, Srikanth and Stoica, Ion},
 title = {Leveraging endpoint flexibility in data-intensive clusters},
 booktitle = {Proceedings of the ACM SIGCOMM 2013 conference on SIGCOMM},
 series = {SIGCOMM '13},
 year = {2013},
 isbn = {978-1-4503-2056-6},
 location = {Hong Kong, China},
 pages = {231--242},
 numpages = {12},
 url = {http://doi.acm.org/10.1145/2486001.2486021},
 doi = {10.1145/2486001.2486021},
 acmid = {2486021},
 publisher = {ACM},
 address = {New York, NY, USA},
 keywords = {cluster file systems, constrained anycast, data-intensive applications, datacenter networks, replica placement},
} 


@INPROCEEDINGS{beyondmlu, 
author={Sharma, A. and Mishra, A. and Kumar, V. and Venkataramani, A.}, 
booktitle={INFOCOM}, 
title={Beyond MLU: An application-centric comparison of traffic engineering schemes}, 
year={2011}, 
}


@inproceedings{consistent-hashing,
 author = {Karger, David and Lehman, Eric and Leighton, Tom and Panigrahy, Rina and Levine, Matthew and Lewin, Daniel},
 title = {Consistent hashing and random trees: distributed caching protocols for relieving hot spots on the World Wide Web},
 booktitle = {STOC},
 year={1997}, 
} 

@inproceedings{chord,
 author = {Stoica, Ion and Morris, Robert and Karger, David and Kaashoek, M. Frans and Balakrishnan, Hari},
 title = {Chord: A scalable peer-to-peer lookup service for internet applications},
 booktitle = {Proceedings of the 2001 conference on Applications, technologies, architectures, and protocols for computer communications},
 series = {SIGCOMM '01},
 year = {2001},
 isbn = {1-58113-411-8},
 location = {San Diego, California, USA},
 pages = {149--160},
 numpages = {12},
 url = {http://doi.acm.org/10.1145/383059.383071},
 doi = {10.1145/383059.383071},
 acmid = {383071},
 publisher = {ACM},
 address = {New York, NY, USA},
} 




@INPROCEEDINGS{mathew12, 
author={Mathew, V. and Sitaraman, R.K. and Shenoy, P.}, 
booktitle={INFOCOM, 2012 Proceedings IEEE}, 
title={Energy-aware load balancing in content delivery networks}, 
year={2012}, 
pages={954-962}, 
keywords={Internet;client-server systems;computer centres;file servers;power aware computing;reliability;resource allocation;CDN servers;IT infrastructure;Internet-scale distributed systems;client-perceived service availability;content delivery networks;customer SLA requirements;energy costs;energy optimizations;energy reduction;energy-aware load balancing;first-order principle;hardware reliability;on-off server transitions;optimal offline algorithm;optimal online algorithm;proximal data centers;Availability;Clustering algorithms;Energy consumption;Load management;Load modeling;Servers;Turning}, 
doi={10.1109/INFCOM.2012.6195846}, 
ISSN={0743-166X},}



@ARTICLE{lin12, 
author={Lin, M. and Wierman, A. and Andrew, L. L. H. and Thereska, E.}, 
journal={Networking, IEEE/ACM Transactions on}, 
title={Dynamic Right-Sizing for Power-Proportional Data Centers}, 
year={2012}, 
keywords={Capacity provisioning;data centers;energy efficiency;online algorithms}, 
doi={10.1109/TNET.2012.2226216}, 
ISSN={1063-6692},}



@ARTICLE{lu13, 
author={Tan Lu and Minghua Chen and Andrew, L.L.H.}, 
journal={Parallel and Distributed Systems, IEEE Transactions on}, 
title={Simple and Effective Dynamic Provisioning for Power-Proportional Data Centers}, 
year={2013}, 
volume={24}, 
number={6}, 
pages={1161-1171}, 
keywords={computer centres;energy consumption;power aware computing;divide-and-conquer manner;dynamic provisioning technique;energy consumption;look-ahead window;power-proportional data center;workload information;Algorithm design and analysis;Cloud computing;Computational modeling;Energy consumption;Heuristic algorithms;Servers;Turning;Cloud computing;data center;dynamic provisioning;energy efficiency;online algorithms}, 
doi={10.1109/TPDS.2012.241}, 
ISSN={1045-9219},}



@inproceedings{Liu11,
 author = {Liu, Zhenhua and Lin, Minghong and Wierman, Adam and Low, Steven H. and Andrew, Lachlan L.H.},
 title = {Greening geographical load balancing},
 booktitle = {Proceedings of the ACM SIGMETRICS joint international conference on Measurement and modeling of computer systems},
 series = {SIGMETRICS '11},
 year = {2011},
 isbn = {978-1-4503-0814-4},
 location = {San Jose, California, USA},
 pages = {233--244},
 numpages = {12},
 url = {http://doi.acm.org/10.1145/1993744.1993767},
 doi = {10.1145/1993744.1993767},
 acmid = {1993767},
 publisher = {ACM},
 address = {New York, NY, USA},
 keywords = {data centers, demand response, energy consumption, load balancing},
} 

@inproceedings{qureshi2009cutting,
   author =       "Asfandyar Qureshi and Rick Weber and Hari Balakrishnan and John Guttag and Bruce Maggs",
   title =        "{Cutting the Electric Bill for Internet-Scale Systems}",
   booktitle =    {ACM SIGCOMM},
   year =         {2009},
   month =        {August},
   address =      {Barcelona, Spain}
}


@inproceedings{Gao12,
 author = {Gao, Peter Xiang and Curtis, Andrew R. and Wong, Bernard and Keshav, Srinivasan},
 title = {It's not easy being green},
 booktitle = {Proceedings of the ACM SIGCOMM 2012 conference on Applications, technologies, architectures, and protocols for computer communication},
 series = {SIGCOMM '12},
 year = {2012},
 isbn = {978-1-4503-1419-0},
 location = {Helsinki, Finland},
 pages = {211--222},
 numpages = {12},
 url = {http://doi.acm.org/10.1145/2342356.2342398},
 doi = {10.1145/2342356.2342398},
 acmid = {2342398},
 publisher = {ACM},
 address = {New York, NY, USA},
 keywords = {energy, green computing},
} 


@INPROCEEDINGS{Rao10, 
author={Lei Rao and Xue Liu and Le Xie and Wenyu Liu}, 
booktitle={INFOCOM, 2010 Proceedings IEEE}, 
title={Minimizing Electricity Cost: Optimization of Distributed Internet Data Centers in a Multi-Electricity-Market Environment}, 
year={2010}, 
pages={1-9}, 
keywords={Internet;computer centres;integer programming;power aware computing;power markets;quality of service;constrained mixed-integer programming;cyber-physical system;distributed Internet Data Centers;electricity cost;electricity price;location diversity;multielectricity market environment;power consumptions;power management problem;quality of service;service providers;time diversity;Cloud computing;Cost function;Delay;Disaster management;Electricity supply industry;Energy management;Internet;Power system management;Quality of service;Switches}, 
doi={10.1109/INFCOM.2010.5461933}, 
ISSN={0743-166X},}


@inproceedings{Nedevschi08,
 author = {Nedevschi, Sergiu and Popa, Lucian and Iannaccone, Gianluca and Ratnasamy, Sylvia and Wetherall, David},
 title = {Reducing network energy consumption via sleeping and rate-adaptation},
 booktitle = {Proceedings of the 5th USENIX Symposium on Networked Systems Design and Implementation},
 series = {NSDI'08},
 year = {2008},
 isbn = {111-999-5555-22-1},
 location = {San Francisco, California},
 pages = {323--336},
 numpages = {14},
 url = {http://dl.acm.org/citation.cfm?id=1387589.1387612},
 acmid = {1387612},
 publisher = {USENIX Association},
 address = {Berkeley, CA, USA},
} 


@incollection{serverpower,
year={2002},
isbn={978-1-4419-3382-9},
booktitle={Power Aware Computing},
series={Series in Computer Science},
editor={Graybill, Robert and Melhem, Rami},
doi={10.1007/978-1-4757-6217-4_14},
title={The Case for Power Management in Web Servers},
url={http://dx.doi.org/10.1007/978-1-4757-6217-4_14},
publisher={Springer US},
author={Bohrer, Pat and Elnozahy, ElmootazbellahN. and Keller, Tom and Kistler, Michael and Lefurgy, Charles and McDowell, Chandler and Rajamony, Ram},
pages={261-289},
language={English}
}

@article{barroso2007case,
  title={The case for energy-proportional computing},
  author={Barroso, Luiz Andr{\'e} and H{\"o}lzle, Urs},
  journal={IEEE computer},
  volume={40},
  number={12},
  pages={33--37},
  year={2007}
}

@inproceedings{Abts2010,
 author = {Abts, Dennis and Marty, Michael R. and Wells, Philip M. and Klausler, Peter and Liu, Hong},
 title = {Energy Proportional Datacenter Networks},
 booktitle = {Proceedings of the 37th Annual International Symposium on Computer Architecture},
 series = {ISCA '10},
 year = {2010},
 isbn = {978-1-4503-0053-7},
 location = {Saint-Malo, France},
 pages = {338--347},
 numpages = {10},
 url = {http://doi.acm.org/10.1145/1815961.1816004},
 doi = {10.1145/1815961.1816004},
 acmid = {1816004},
 publisher = {ACM},
 address = {New York, NY, USA},
 keywords = {datacenter networks, interconnection networks, low-power networking},
} 

@book{andersen2001resilient,
  title={Resilient overlay networks},
  author={Andersen, David and Balakrishnan, Hari and Kaashoek, Frans and Morris, Robert},
  year={2001},
  publisher={ACM}
}

@article{Saroiu2002,
 author = {Saroiu, Stefan and Gummadi, Krishna P. and Dunn, Richard J. and Gribble, Steven D. and Levy, Henry M.},
 title = {An Analysis of Internet Content Delivery Systems},
 journal = {SIGOPS Oper. Syst. Rev.},
 issue_date = {Winter 2002},
 volume = {36},
 number = {SI},
 month = dec,
 year = {2002},
 issn = {0163-5980},
 pages = {315--327},
 numpages = {13},
 url = {http://doi.acm.org/10.1145/844128.844158},
 doi = {10.1145/844128.844158},
 acmid = {844158},
 publisher = {ACM},
 address = {New York, NY, USA},
} 

@Misc{capacityplan,
title={{Cisco. Best Practices in Network Planning and  Traffic Engineering}},
note={\url{http://www.nanog.org/meetings/nanog52/presentations/Sunday/maghbouleh-bestpractices-tutorial.pdf}},
}




@Misc{techreport,
title={{A Global Name Service for a Highly Mobile Internetwork. UMass
SCS Technical Report, 2013 and 2014.}},
note={\url{https://web.cs.umass.edu/publication}},
}

@techreport{liskov12vr,
   author = {Barbara Liskov and James Cowling},
   title = {Viewstamped Replication Revisited},
   number = {MIT CSAIL-TR-2012-021},
   year = {2012}
}

@inproceedings{gwertzman:95b,
  author={James Gwertzman and Margo Seltzer},
  title={The case for geographical push caching},
  booktitle={IEEE HotOS Workshop}, 
  year=1995,
  month={May},
}

@inproceedings{Bhattacharjee:1997:AA:839292.843045,
 author = {Bhattacharjee, Samrat and et al.},
 title = {{Application-Layer Anycasting}},
 booktitle = {IEEE INFOCOM},
 year = {1997},
} 

@inproceedings{Gao14LocInd,
author = {Zhaoyu Gao and Arun Venkataramani and James F. Kurose},
title = {Towards a Quantitative Comparison of Location-Independent
Network Architectures},
booktitle = {ACM SIGCOMM},
year = {2014},
}
@INPROCEEDINGS{JainEnergy, 
author={Guenter, B. and Jain, N. and Williams, C.}, 
booktitle={INFOCOM, 2011 Proceedings IEEE}, 
title={Managing cost, performance, and reliability tradeoffs for energy-aware server provisioning}, 
year={2011}, 
pages={1332-1340}, 
keywords={Internet;computer centres;computer network reliability;power consumption;resource allocation;telecommunication services;ACES;Internet service;automated server provisioning system;cost management;data center;energy consumption;energy savings;energy-aware server provisioning;high transition latency;load management interface;low power draw;on-off cycle;optimization decision;power management;program structure;reliability cost;reliability tradeoff;server component;transient load spikes;unmet load demand;workload demand;Variable speed drives}, 
doi={10.1109/INFCOM.2011.5934917}, 
ISSN={0743-166X},}
