@INPROCEEDINGS{Karagiannis04anonstationary,
    author = {Thomas Karagiannis and Mart Molle and Michalis Faloutsos and Andre Broido},
    title = {A Nonstationary Poisson View of Internet Traffic},
    booktitle = {in Proceedings of IEEE INFOCOM},
    year = {2004}
}
