
@inproceedings{fortz2000internet,
  title={{Internet traffic engineering by optimizing OSPF weights}},
  author={Fortz, B and Thorup, M},
  booktitle={INFOCOM},
  year={2000},
}

@article{fortz2002traffic,
  title={{Traffic engineering with traditional IP routing protocols}},
  author={Fortz, B and Rexford, J and Thorup, M},
  journal={Communications Magazine, IEEE},
  volume={40},
  number={10},
  pages={118--124},
  year={2002},
  publisher={IEEE}
}

@inproceedings{Jiang2009,
 author = {Jiang, W and Zhang-Shen, R and Rexford, J and Chiang, M},
 title ={{Cooperative content distribution and traffic engineering in an ISP network}},
 booktitle = {SIGMETRICS},
 year = {2009},
 }

@inproceedings{Applegate2010,
 author = {Applegate, D and Archer, A and Gopalakrishnan, V and Lee, S and Ramakrishnan, K K},
 title ={{Optimal content placement for a large-scale VoD system}},
 booktitle = {Co-NEXT},
 year = {2010},
 }



@inproceedings{P4P,
 author = {Xie, H and Yang, Y R and Krishnamurthy, A and Liu, Y G and Silberschatz, A},
 title ={{P4P: Provider Portal for Applications}},
 booktitle = {SIGCOMM},
 year = {2008},
}


@INPROCEEDINGS{JohariGameTheory, 
author={DiPalantino, D and Johari, R}, 
booktitle={INFOCOM}, title={{Traffic Engineering vs. Content Distribution: A Game Theoretic Perspective}}, 
year={2009},}

@Misc{att-cdn,
author={AT\&T},
title={{Content Distribution}},
note={\url{http://bit.ly/Lefgj2}},
year={2011}
}

@Misc{level3-cdn,
author={Level3},
title={{Content Delivery Network}},
note={\url{http://bit.ly/LvsIDm}},
year={2011}
}

@Misc{verizon-cdn,
author={Verizon},
title={{Velocix at Verizon}},
note={\url{http://bit.ly/LlqGn3}},
year={2011}
}	



@Misc{cisco-videogrowth,
author={Cisco},
title={{Visual Networking Index}},
note={\url{http://bit.ly/KXDUaX}},
year={2011}
}

@Misc{cisco-tagswitching,
author={Cisco},
title={{Tag Switching Overview}},
note={\url{http://www.cisco.com/en/US/docs/ios/12_0/switch/configuration/guide/xctag.html}},
year={2011}
}


@Misc{telco-cdn-list,
author={Streaming Media},
title={{Updated List Of Vendors In The Content Delivery Ecosystem}},
note={\url{http://www.cdnlist.com}},
year={2011}
}



@Misc{nielsen-video-growth,
author={Nielsen},
title={{Online Video Usage Up 45\%}},
note={\url{http://bit.ly/MiXiPU}},
}




@inproceedings{ZhangTMEst1,
 author = {Zhang, Y and Roughan, M and Duffield, N and Greenberg, A},
 title = {{Fast accurate computation of large-scale IP traffic matrices from link loads}},
 booktitle = {Proceedings of the 2003 ACM SIGMETRICS international conference on Measurement and modeling of computer systems},
 series = {SIGMETRICS '03},
 year = {2003},
 isbn = {1-58113-664-1},
 location = {San Diego, CA, USA},
 pages = {206--217},
 numpages = {12},
 url = {http://doi.acm.org/10.1145/781027.781053},
 doi = {http://doi.acm.org/10.1145/781027.781053},
 acmid = {781053},
 publisher = {ACM},
 address = {New York, NY, USA},
 keywords = {SNMP, traffic engineering, traffic matrix estimation},
} 

@inproceedings{ZhangTMEst2,
 author = {Zhang, Y and Roughan, M and Lund, C and Donoho, D},
 title = {{An information-theoretic approach to traffic matrix estimation}},
 booktitle = {Proceedings of the 2003 conference on Applications, technologies, architectures, and protocols for computer communications},
 series = {SIGCOMM '03},
 year = {2003},
 isbn = {1-58113-735-4},
 location = {Karlsruhe, Germany},
 pages = {301--312},
 numpages = {12},
 url = {http://doi.acm.org/10.1145/863955.863990},
 doi = {http://doi.acm.org/10.1145/863955.863990},
 acmid = {863990},
 publisher = {ACM},
 address = {New York, NY, USA},
 keywords = {SNMP, information theory, minimum, mutual information, regularization, traffic engineering, traffic matrix estimation},
}

@article{akamai-overview,
 author = {Nygren, E and Sitaraman, R K and Sun, J},
 title = {{The Akamai network: a platform for high-performance internet applications}},
 journal = {SIGOPS Oper. Syst. Rev.},
 month = {August},
 year = {2010},
} 

@article{DilleyMPPSW02,
  author    = {John Dilley and
               Bruce M. Maggs and
               Jay Parikh and
               Harald Prokop and
               Ramesh K. Sitaraman and
               William E. Weihl},
  title     = {{Globally Distributed Content Delivery}},
  journal   = {IEEE Internet Computing},
  volume    = {6},
  number    = {5},
  year      = {2002},
  pages     = {50-58},
  ee        = {http://www.computer.org/internet/ic2002/w5050abs.htm}
}


@Misc{cplex,
author={IBM},
title={{ILOG CPLEX}},
note={\url{http://ibm.co/KRuqhB}}
}

@Misc{edgecast,
author={Edge Cast},
title={},
note={\url{http://www.edgecast.com/solutions/licensed-cdn/}}
}



@Misc{netsessions,
author={Akamai NetSession Interface},
title={},
note={\url{http://www.akamai.com/client}}
}


@Misc{abilene,
author={Abilene Topology},
title={},
note={\url{http://bit.ly/Lf8k7a}}
}


@Misc{rocketfuel,
author={ Rocketfuel ISP Topology Maps},
title={},
note={\url{http://bit.ly/LogNar}}
}


@INPROCEEDINGS{MPLS2,
author={Elwalid, A and Jin, C and Low, S and Widjaja, I}, 
booktitle={INFOCOM}, 
title={{MATE: MPLS adaptive traffic engineering}}, 
year={2001}, 
}



@inproceedings{COPE,
 author = {Wang, H and Xie, H and Qiu, L and Yang, Y R and Zhang, Y and Greenberg, A},
 title = {{COPE: Traffic Engineering in Dynamic Networks}},
 booktitle = {SIGCOMM},
 year = {2006},
} 


@INPROCEEDINGS{multiTM, 
author={C Zhang and Y Liu and W Gong and Kurose, J and Moll, R and Towsley, D}, 
booktitle={INFOCOM}, 
title={{On optimal routing with multiple traffic matrices}}, 
year={2005}, }



@INPROCEEDINGS{TEXCP,
 author = {Kandula, S and Katabi, D and Davie, B and Charny, A},
 title = {Walking the tightrope: responsive yet stable traffic engineering},
 booktitle = {SIGCOMM},
 year = {2005},
 } 




@article{Cohen,
 author = {Applegate, D and Cohen, E},
 title = {{Making routing robust to changing traffic demands: algorithms and evaluation}},
 journal = {IEEE/ACM Trans. Netw.},
 volume = {14},
 issue = {6},
 month = {December},
 year = {2006},
 issn = {1063-6692},
 pages = {1193--1206},
 numpages = {14},
 url = {http://dx.doi.org/10.1109/TNET.2006.886296},
 doi = {http://dx.doi.org/10.1109/TNET.2006.886296},
 acmid = {1217691},
 publisher = {IEEE Press},
 address = {Piscataway, NJ, USA},
 keywords = {oblivious routing, routing, traffic engineering},
} 




@inproceedings{Racke,
 author = {Azar, Y and Cohen, E and Fiat, A and Kaplan, H and Racke, H},
 title = {{Optimal oblivious routing in polynomial time}},
 booktitle = {STOC},
 year = {2003},
} 


@INPROCEEDINGS{Abhigyan,
author={Sharma, A and Mishra, A and Kumar, V and Venkataramani, A}, 
booktitle={INFOCOM}, 
title={{Beyond MLU: An application-centric comparison of traffic engineering schemes}}, 
year={2011}, }



@ARTICLE{InvCap, 
author={Fortz, B and Thorup, M}, 
journal={JSAC}, 
title={Optimizing OSPF/IS-IS weights in a changing world}, 
year={2002}, 
month={May}, 
}

@ARTICLE{CATE,
   author = {{Frank}, B and {Poese}, I and {Smaragdakis}, G and {Uhlig}, S and 
	{Feldmann}, A},
    title = "{Content-aware Traffic Engineering}",
  journal = {ArXiv e-prints},
archivePrefix = "arXiv",
   eprint = {1202.1464},
 primaryClass = "cs.NI",
 keywords = {Computer Science - Networking and Internet Architecture},
     year = 2012,
   adsurl = {http://adsabs.harvard.edu/abs/2012arXiv1202.1464F},
  adsnote = {Provided by the SAO/NASA Astrophysics Data System}
}



@Misc{bittorrentprotocol,
author={Cohen, B},
title={{BitTorrent Protocol}},
note={\url{http://bit.ly/KDhQV1}}
}


@Misc{rfc2616,
author={RFC},
title={2616},
note={\url{http://www.ietf.org/rfc/rfc2616.txt}}
}


@Misc{fios,
author={Verizon},
title={{HBO for FIOS Customers}},
note={\url{http://bit.ly/JQ2dn8}}
}

@Misc{stoica,
author={Ion Stoica},
title={I{t’s Not the Cost, It’s the Quality!}},
note={\url{http://static.usenix.org/events/iptps10/tech/slides/stoica.pdf}}
}




@ARTICLE{techreport, 
author={Abhigyan  and Venkataramani, A and Sitaraman, R}, 
journal={Technical Report}, 
title="{Distributing Content Simplifies ISP Traffic Engineering}",
note={\url{http://people.cs.umass.edu/~abhigyan/NCDN.pdf}}
}



@inproceedings{youtubestudy,
 author = {Gill, P and Arlitt, M and Li, Z and Mahanti, A},
 title = {{Youtube traffic characterization: a view from the edge}},
 booktitle = {Proceedings of the 7th ACM SIGCOMM conference on Internet measurement},
 series = {IMC '07},
 year = {2007},
 isbn = {978-1-59593-908-1},
 location = {San Diego, California, USA},
 pages = {15--28},
 numpages = {14},
 url = {http://doi.acm.org/10.1145/1298306.1298310},
 doi = {http://doi.acm.org/10.1145/1298306.1298310},
 acmid = {1298310},
 publisher = {ACM},
 address = {New York, NY, USA},
 keywords = {characterization, multimedia, web 2.0, youtube},
} 



@Misc{applehls,
author={Apple},
title={{HTTP Live Streaming}},
note={\url{http://bit.ly/MgoUED}}
}


@Misc{hpcdn,
author={HP},
title={{The edge of bandwidth growth}},
note={\url{http://bit.ly/HwXtUO}}
}

@Misc{telcowhitepaper,
author={Streaming Media},
title={{Telco-CDN Whitepapers}},
note={\url{http://bit.ly/GUDrUZ}}
}

@inproceedings{catenew,
 author = {Frank, B and Poese, I and Smaragdakis, G and Uhlig, S and Feldmann, A},
 title = {Content-aware traffic engineering},
 booktitle = {SIGMETRICS},
 year = {2012},
} 


@article{serviceplacement,
 author = {Cohen, R and Nakibly, G},
 title = {A traffic engineering approach for placement and selection of network services},
 journal = {IEEE/ACM Trans. Netw.},
 year = {2009},
} 


@INPROCEEDINGS{vmrouting, 
author={Jiang, J.W. and Tian Lan and Sangtae Ha and Minghua Chen and Mung Chiang}, 
booktitle={INFOCOM}, title={Joint VM placement and routing for data center traffic engineering}, 
year={2012}, }
