%!TEX root = New.tex

@inproceedings{response,
 author = {Vasi\'{c}, Nedeljko and Bhurat, Prateek and Novakovi\'{c}, Dejan and Canini, Marco and Shekhar, Satyam and Kosti\'{c}, Dejan},
 title = {Identifying and using energy-critical paths},
 booktitle = {Proceedings of the Seventh COnference on emerging Networking EXperiments and Technologies},
 series = {CoNEXT '11},
 year = {2011},
 isbn = {978-1-4503-1041-3},
 location = {Tokyo, Japan},
 pages = {18:1--18:12},
 articleno = {18},
 numpages = {12},
 url = {http://doi.acm.org/10.1145/2079296.2079314},
 doi = {10.1145/2079296.2079314},
 acmid = {2079314},
 publisher = {ACM},
 address = {New York, NY, USA},
} 


@inproceedings{elasticTree,
 author = {Heller, Brandon and Seetharaman, Srini and Mahadevan, Priya and Yiakoumis, Yiannis and Sharma, Puneet and Banerjee, Sujata and McKeown, Nick},
 title = {ElasticTree: saving energy in data center networks},
 booktitle = {Proceedings of the 7th USENIX conference on Networked systems design and implementation},
 series = {NSDI'10},
 year = {2010},
 location = {San Jose, California},
 pages = {17--17},
 numpages = {1},
 url = {http://dl.acm.org/citation.cfm?id=1855711.1855728},
 acmid = {1855728},
 publisher = {USENIX Association},
 address = {Berkeley, CA, USA},
} 


@INPROCEEDINGS{greenTE, 
author={Mingui Zhang and Cheng Yi and Bin Liu and Beichuan Zhang}, 
booktitle={Network Protocols (ICNP), 2010 18th IEEE International Conference on}, 
title={GreenTE: Power-aware traffic engineering}, 
year={2010}, 
pages={21-30}, 
keywords={energy conservation;integer programming;power aware computing;telecommunication computing;telecommunication links;telecommunication network routing;telecommunication network topology;GreenTE;current network infrastructure;intra-domain traffic engineering mechanism;line-card power consumption reduction;link utilization;packet delay;power-aware traffic engineering;router power management;shortest path routing;Delay;Mathematical model;Multiprotocol label switching;Network topology;Power demand;Routing;Turning}, 
doi={10.1109/ICNP.2010.5762751}, 
ISSN={1092-1648},}

@article{Chiaraviglio,
 author = {Chiaraviglio, Luca and Mellia, Marco and Neri, Fabio},
 title = {Minimizing ISP network energy cost: formulation and solutions},
 journal = {IEEE/ACM Trans. Netw.},
 issue_date = {April 2012},
 volume = {20},
 number = {2},
 month = apr,
 year = {2012},
 issn = {1063-6692},
 pages = {463--476},
 numpages = {14},
 url = {http://dx.doi.org/10.1109/TNET.2011.2161487},
 doi = {10.1109/TNET.2011.2161487},
 acmid = {2317341},
 publisher = {IEEE Press},
 address = {Piscataway, NJ, USA},
 keywords = {green networks, link and node switchoff, network design},
} 


@INPROCEEDINGS{Andrews, 
author={Andrews, M. and Anta, A.F. and Zhang, L. and Wenbo Zhao}, 
booktitle={INFOCOM, 2010 Proceedings IEEE}, 
title={Routing for Energy Minimization in the Speed Scaling Model}, 
year={2010}, 
pages={1-9}, 
keywords={minimisation;telecommunication network routing;telecommunication traffic;energy minimization;integral routing;network optimization;speed scaling model;telecommunication networks;telecommunication traffic;Bandwidth;Communications Society;Computer networks;Energy consumption;Energy efficiency;Integral equations;Polynomials;Routing;Switches;Telecommunication traffic},
doi={10.1109/INFCOM.2010.5462071}, 
ISSN={0743-166X},}


@inproceedings{ananta,
 author = {Patel, Parveen and Bansal, Deepak and Yuan, Lihua and Murthy, Ashwin and Greenberg, Albert and Maltz, David A. and Kern, Randy and Kumar, Hemant and Zikos, Marios and Wu, Hongyu and Kim, Changhoon and Karri, Naveen},
 title = {Ananta: cloud scale load balancing},
 booktitle = {Proceedings of the ACM SIGCOMM 2013 conference on SIGCOMM},
 series = {SIGCOMM '13},
 year = {2013},
 isbn = {978-1-4503-2056-6},
 location = {Hong Kong, China},
 pages = {207--218},
 numpages = {12},
 url = {http://doi.acm.org/10.1145/2486001.2486026},
 doi = {10.1145/2486001.2486026},
 acmid = {2486026},
 publisher = {ACM},
 address = {New York, NY, USA},
 keywords = {distributed systems, server load balancing, software defined networking},
} 

@inproceedings{ettm,
 author = {Dixon, Colin and Uppal, Hardeep and Brajkovic, Vjekoslav and Brandon, Dane and Anderson, Thomas and Krishnamurthy, Arvind},
 title = {ETTM: a scalable fault tolerant network manager},
 booktitle = {Proceedings of the 8th USENIX conference on Networked systems design and implementation},
 series = {NSDI'11},
 year = {2011},
 location = {Boston, MA},
 pages = {7--7},
 numpages = {1},
 url = {http://dl.acm.org/citation.cfm?id=1972457.1972467},
 acmid = {1972467},
 publisher = {USENIX Association},
 address = {Berkeley, CA, USA},
} 


@inproceedings{Chowdhury,
 author = {Chowdhury, Mosharaf and Kandula, Srikanth and Stoica, Ion},
 title = {Leveraging endpoint flexibility in data-intensive clusters},
 booktitle = {Proceedings of the ACM SIGCOMM 2013 conference on SIGCOMM},
 series = {SIGCOMM '13},
 year = {2013},
 isbn = {978-1-4503-2056-6},
 location = {Hong Kong, China},
 pages = {231--242},
 numpages = {12},
 url = {http://doi.acm.org/10.1145/2486001.2486021},
 doi = {10.1145/2486001.2486021},
 acmid = {2486021},
 publisher = {ACM},
 address = {New York, NY, USA},
 keywords = {cluster file systems, constrained anycast, data-intensive applications, datacenter networks, replica placement},
} 


@INPROCEEDINGS{NCDN,
    author = {Abhigyan  Sharma and Venkataramani, A and Sitaraman, R},
    title = {Distributing Content Simplifies ISP Traffic Engineering},
    booktitle = {SIGMETRICS},
    year={2013}, 
}


@INPROCEEDINGS{beyondmlu, 
author={Sharma, A. and Mishra, A. and Kumar, V. and Venkataramani, A.}, 
booktitle={INFOCOM}, 
title={Beyond MLU: An application-centric comparison of traffic engineering schemes}, 
year={2011}, 
}


@inproceedings{consistent-hashing,
 author = {Karger, David and Lehman, Eric and Leighton, Tom and Panigrahy, Rina and Levine, Matthew and Lewin, Daniel},
 title = {Consistent hashing and random trees: distributed caching protocols for relieving hot spots on the World Wide Web},
 booktitle = {STOC},
 year={1997}, 
} 

@inproceedings{chord,
 author = {Stoica, Ion and Morris, Robert and Karger, David and Kaashoek, M. Frans and Balakrishnan, Hari},
 title = {Chord: A scalable peer-to-peer lookup service for internet applications},
 booktitle = {Proceedings of the 2001 conference on Applications, technologies, architectures, and protocols for computer communications},
 series = {SIGCOMM '01},
 year = {2001},
 isbn = {1-58113-411-8},
 location = {San Diego, California, USA},
 pages = {149--160},
 numpages = {12},
 url = {http://doi.acm.org/10.1145/383059.383071},
 doi = {10.1145/383059.383071},
 acmid = {383071},
 publisher = {ACM},
 address = {New York, NY, USA},
} 


@inproceedings{dynamo,
 author = {DeCandia, Giuseppe and Hastorun, Deniz and Jampani, Madan and Kakulapati, Gunavardhan and Lakshman, Avinash and Pilchin, Alex and Sivasubramanian, Swaminathan and Vosshall, Peter and Vogels, Werner},
 title = {Dynamo: amazon's highly available key-value store},
 booktitle = {Proceedings of twenty-first ACM SIGOPS symposium on Operating systems principles},
 series = {SOSP '07},
 year = {2007},
 isbn = {978-1-59593-591-5},
 location = {Stevenson, Washington, USA},
 pages = {205--220},
 numpages = {16},
 url = {http://doi.acm.org/10.1145/1294261.1294281},
 doi = {10.1145/1294261.1294281},
 acmid = {1294281},
 publisher = {ACM},
 address = {New York, NY, USA},
 keywords = {performance, reliability, scalability},
} 


@INPROCEEDINGS{Jain, 
author={Guenter, B. and Jain, N. and Williams, C.}, 
booktitle={INFOCOM, 2011 Proceedings IEEE}, 
title={Managing cost, performance, and reliability tradeoffs for energy-aware server provisioning}, 
year={2011}, 
pages={1332-1340}, 
keywords={Internet;computer centres;computer network reliability;power consumption;resource allocation;telecommunication services;ACES;Internet service;automated server provisioning system;cost management;data center;energy consumption;energy savings;energy-aware server provisioning;high transition latency;load management interface;low power draw;on-off cycle;optimization decision;power management;program structure;reliability cost;reliability tradeoff;server component;transient load spikes;unmet load demand;workload demand;Variable speed drives}, 
doi={10.1109/INFCOM.2011.5934917}, 
ISSN={0743-166X},}


@INPROCEEDINGS{mathew12, 
author={Mathew, V. and Sitaraman, R.K. and Shenoy, P.}, 
booktitle={INFOCOM, 2012 Proceedings IEEE}, 
title={Energy-aware load balancing in content delivery networks}, 
year={2012}, 
pages={954-962}, 
keywords={Internet;client-server systems;computer centres;file servers;power aware computing;reliability;resource allocation;CDN servers;IT infrastructure;Internet-scale distributed systems;client-perceived service availability;content delivery networks;customer SLA requirements;energy costs;energy optimizations;energy reduction;energy-aware load balancing;first-order principle;hardware reliability;on-off server transitions;optimal offline algorithm;optimal online algorithm;proximal data centers;Availability;Clustering algorithms;Energy consumption;Load management;Load modeling;Servers;Turning}, 
doi={10.1109/INFCOM.2012.6195846}, 
ISSN={0743-166X},}



@ARTICLE{lin12, 
author={Lin, M. and Wierman, A. and Andrew, L. L. H. and Thereska, E.}, 
journal={Networking, IEEE/ACM Transactions on}, 
title={Dynamic Right-Sizing for Power-Proportional Data Centers}, 
year={2012}, 
keywords={Capacity provisioning;data centers;energy efficiency;online algorithms}, 
doi={10.1109/TNET.2012.2226216}, 
ISSN={1063-6692},}



@ARTICLE{lu13, 
author={Tan Lu and Minghua Chen and Andrew, L.L.H.}, 
journal={Parallel and Distributed Systems, IEEE Transactions on}, 
title={Simple and Effective Dynamic Provisioning for Power-Proportional Data Centers}, 
year={2013}, 
volume={24}, 
number={6}, 
pages={1161-1171}, 
keywords={computer centres;energy consumption;power aware computing;divide-and-conquer manner;dynamic provisioning technique;energy consumption;look-ahead window;power-proportional data center;workload information;Algorithm design and analysis;Cloud computing;Computational modeling;Energy consumption;Heuristic algorithms;Servers;Turning;Cloud computing;data center;dynamic provisioning;energy efficiency;online algorithms}, 
doi={10.1109/TPDS.2012.241}, 
ISSN={1045-9219},}



@inproceedings{Liu11,
 author = {Liu, Zhenhua and Lin, Minghong and Wierman, Adam and Low, Steven H. and Andrew, Lachlan L.H.},
 title = {Greening geographical load balancing},
 booktitle = {Proceedings of the ACM SIGMETRICS joint international conference on Measurement and modeling of computer systems},
 series = {SIGMETRICS '11},
 year = {2011},
 isbn = {978-1-4503-0814-4},
 location = {San Jose, California, USA},
 pages = {233--244},
 numpages = {12},
 url = {http://doi.acm.org/10.1145/1993744.1993767},
 doi = {10.1145/1993744.1993767},
 acmid = {1993767},
 publisher = {ACM},
 address = {New York, NY, USA},
 keywords = {data centers, demand response, energy consumption, load balancing},
} 

@inproceedings{qureshi2009cutting,
   author =       "Asfandyar Qureshi and Rick Weber and Hari Balakrishnan and John Guttag and Bruce Maggs",
   title =        "{Cutting the Electric Bill for Internet-Scale Systems}",
   booktitle =    {ACM SIGCOMM},
   year =         {2009},
   month =        {August},
   address =      {Barcelona, Spain}
}


@inproceedings{Gao12,
 author = {Gao, Peter Xiang and Curtis, Andrew R. and Wong, Bernard and Keshav, Srinivasan},
 title = {It's not easy being green},
 booktitle = {Proceedings of the ACM SIGCOMM 2012 conference on Applications, technologies, architectures, and protocols for computer communication},
 series = {SIGCOMM '12},
 year = {2012},
 isbn = {978-1-4503-1419-0},
 location = {Helsinki, Finland},
 pages = {211--222},
 numpages = {12},
 url = {http://doi.acm.org/10.1145/2342356.2342398},
 doi = {10.1145/2342356.2342398},
 acmid = {2342398},
 publisher = {ACM},
 address = {New York, NY, USA},
 keywords = {energy, green computing},
} 


@INPROCEEDINGS{Rao10, 
author={Lei Rao and Xue Liu and Le Xie and Wenyu Liu}, 
booktitle={INFOCOM, 2010 Proceedings IEEE}, 
title={Minimizing Electricity Cost: Optimization of Distributed Internet Data Centers in a Multi-Electricity-Market Environment}, 
year={2010}, 
pages={1-9}, 
keywords={Internet;computer centres;integer programming;power aware computing;power markets;quality of service;constrained mixed-integer programming;cyber-physical system;distributed Internet Data Centers;electricity cost;electricity price;location diversity;multielectricity market environment;power consumptions;power management problem;quality of service;service providers;time diversity;Cloud computing;Cost function;Delay;Disaster management;Electricity supply industry;Energy management;Internet;Power system management;Quality of service;Switches}, 
doi={10.1109/INFCOM.2010.5461933}, 
ISSN={0743-166X},}


@inproceedings{Nedevschi08,
 author = {Nedevschi, Sergiu and Popa, Lucian and Iannaccone, Gianluca and Ratnasamy, Sylvia and Wetherall, David},
 title = {Reducing network energy consumption via sleeping and rate-adaptation},
 booktitle = {Proceedings of the 5th USENIX Symposium on Networked Systems Design and Implementation},
 series = {NSDI'08},
 year = {2008},
 isbn = {111-999-5555-22-1},
 location = {San Francisco, California},
 pages = {323--336},
 numpages = {14},
 url = {http://dl.acm.org/citation.cfm?id=1387589.1387612},
 acmid = {1387612},
 publisher = {USENIX Association},
 address = {Berkeley, CA, USA},
} 


@incollection{serverpower,
year={2002},
isbn={978-1-4419-3382-9},
booktitle={Power Aware Computing},
series={Series in Computer Science},
editor={Graybill, Robert and Melhem, Rami},
doi={10.1007/978-1-4757-6217-4_14},
title={The Case for Power Management in Web Servers},
url={http://dx.doi.org/10.1007/978-1-4757-6217-4_14},
publisher={Springer US},
author={Bohrer, Pat and Elnozahy, ElmootazbellahN. and Keller, Tom and Kistler, Michael and Lefurgy, Charles and McDowell, Chandler and Rajamony, Ram},
pages={261-289},
language={English}
}
