%!TEX root = New.tex



@inproceedings{Lampson,
 author = {Lampson, Butler W},
 title = {Designing a Global Name Service},
 booktitle = {Proceedings of the Fifth Annual ACM Symposium on Principles of Distributed Computing},
 series = {PODC '86},
 year = {1986},
} 

@article{dynamo,
 author = {DeCandia, Giuseppe and Hastorun, Deniz and Jampani, Madan and Kakulapati, Gunavardhan and Lakshman, Avinash and Pilchin, Alex and Sivasubramanian, Swaminathan and Vosshall, Peter and Vogels, Werner},
 title = {Dynamo: Amazon's Highly Available Key-value Store},
 journal = {SIGOPS Oper. Syst. Rev.},
 issue_date = {December 2007},
 volume = {41},
 number = {6},
 month = oct,
 year = {2007},
} 

@inproceedings{vertical-paxos,
 author = {Lamport, Leslie and Malkhi, Dahlia and Zhou, Lidong},
 title = {Vertical Paxos and Primary-backup Replication},
 booktitle = {Proceedings of the 28th ACM Symposium on Principles of Distributed Computing},
 series = {PODC '09},
 year = {2009},
} 


@inproceedings{donar,
author = {Wendell, Patrick and Jiang, Joe Wenjie and Freedman, Michael J. and Rexford, Jennifer},
title = {DONAR: decentralized server selection for cloud services},
series = {SIGCOMM },
year = {2010},}
 
@MISC{oasis,
author = {Michael J. Freedman and Karthik Lakshminarayanan and David Mazières},
title = {OASIS: Anycast for Any Service},
year = {2006}
}

@inproceedings{HAIR,
 author = {Feldmann, Anja and Cittadini, Luca and M\"{u}hlbauer, Wolfgang and Bush, Randy and Maennel, Olaf},
 title = {HAIR: hierarchical architecture for internet routing},
 series = {ReArch '09},
 year = {2009},}
  
@ARTICLE{Mazieres, 
author={David Mazieres}, 
journal={PhD thesis}, 
title="{Self-certifying file system}",
 year = {2002},
}


@ARTICLE{Renesse, 
author={Robert van Renesse}, 
title="{Paxos Made Moderately Complex}",
 year = {2011},
}


@INPROCEEDINGS{NCDN,
    author = {Abhigyan  Sharma and Venkataramani, A and Sitaraman, R},
    title = {Distributing Content Simplifies ISP Traffic Engineering},
    booktitle = {SIGMETRICS'13},
}


@INPROCEEDINGS{LAND,
    author = {Ittai Abraham and Dahlia Malkhi and Oren Dobzinski},
    title = {LAND: Stretch (1 + e) Locality-Aware Networks for DHTs},
    booktitle = {SODA},
    year = {2004},
}

@inproceedings{DoWeNeedReplica,
 author = {Magnus Karlsson and Mallik Mahalingam},
 title = {Do We Need Replica Placement Algorithms in Content Delivery Networks?},
 booktitle = {WCW},
 year = {2002},
}

@inproceedings{Huitema,
 author = {C. Huitema and S. Weerahandi.},
 title = {Internet Measurements: the Rising Tide and the DNS Snag},
 booktitle = {ITC Specialist Seminar on Internet Traffic Measurement and Modeling},
 year = {2000},
}

@inproceedings{AIP,
 author = {Andersen, David G. and Balakrishnan, Hari and Feamster, Nick and Koponen, Teemu and Moon, Daekyeong and Shenker, Scott},
 title = {Accountable internet protocol (aip)},
  series = {SIGCOMM},
 year = {2008},
} 

@inproceedings{serval,
author = {Erik Nordstrom and David Shue and Prem Gopalan and Robert Kiefer and Matvey Arye and Steven Y. Ko and Jennifer Rexford and Michael J. Freedman},
title = {Serval: An End-Host Stack for Service-Centric Networking},
booktitle = {NSDI},
year = {2012},
}

@inproceedings{sandpiper,
 author = {Wood, Timothy and Shenoy, Prashant and Venkataramani, Arun and Yousif, Mazin},
 title = {Black-box and gray-box strategies for virtual machine migration},
 series = {NSDI},
 year = {2007},
} 


@inproceedings{volley,
 author = {Agarwal, Sharad and Dunagan, John and Jain, Navendu and Saroiu, Stefan and Wolman, Alec and Bhogan, Harbinder},
 title = {Volley: automated data placement for geo-distributed cloud services},
 series = {NSDI'10},
} 

@inproceedings{codons-paper,
 author = {Ramasubramanian, Venugopalan and Sirer, Emin G},
 title = {The design and implementation of a next generation name service for the internet},
 series = {SIGCOMM '04}
} 

@inproceedings{facilitylocationapprox,
 author = {Shmoys, David B. and Tardos, \'{E}va and Aardal, Karen},
 title = {Approximation algorithms for facility location problems (extended abstract)},
 series = {STOC},
 year = {1997},} 

@article{Jung,
 author = {Jung, Jaeyeon and Sit, Emil and Balakrishnan, Hari and Morris, Robert},
 title = {DNS performance and the effectiveness of caching},
 journal = {IEEE/ACM Trans. Netw.},
 issue_date = {October 2002},
} 

@inproceedings{ECCP,
author = {M. Arye and E. Nordstrom and R. Kiefer and J. Rexford and M. J. Freedman},
title = {A Formally-Verified Migration Protocol For Mobile, Multi-Homed Hosts},
booktitle = {ICNP},
year = {2012},
}

@inproceedings{Migrate,
author = {A. C. Snoeren and H. Balakrishnan},
title = {An end-to-end approach to host mobility},
booktitle = {MobiCom}, 
year = {2000},
}

@inproceedings{Pappas,
 author = {Pappas, Vasileios and Xu, Zhiguo and Lu, Songwu and Massey, Daniel and Terzis, Andreas and Zhang, Lixia},
 title = {Impact of configuration errors on DNS robustness},
 series = {SIGCOMM },
 year = {2004},
} 


@INPROCEEDINGS{Brownlee, 
author={Brownlee, N. and Claffy, K.C. and Nemeth, E.}, 
booktitle={GLOBECOM '01. IEEE}, 
title={DNS measurements at a root server}, 
year={2001}, 
}


@article{Grapevine,
 author = {Schroeder, Michael D. and Birrell, Andrew D. and Needham, Roger M.},
 title = {Experience with Grapevine:  the growth of a distributed system},
 journal = {ACM Trans. Comput. Syst.},
 issue_date = {February 1984},
} 

@article{XeroxClearingHouse,
 author = {Oppen, Derek C. and Dalal, Yogen K.},
 title = {The clearinghouse: a decentralized agent for locating named objects in a distributed environment},
 journal = {ACM Trans. Inf. Syst.},
 issue_date = {July 1983},
} 


@inproceedings{LampsonPODC86,
author = {Lampson, Butler W},
title = {Designing a global name service},
series = {PODC'86},
} 


@inproceedings{INS,
 author = {Adjie-Winoto, William and Schwartz, Elliot and Balakrishnan, Hari and Lilley, Jeremy},
 title = {The design and implementation of an intentional naming system},
 series = {SOSP},
 year = {1999}
} 


@INPROCEEDINGS{ActiveNames, 
author={Vahdat, A. and Dahlin, M. and Anderson, T. and Aggarwal, A.}, 
booktitle={USITS}, title={Active Names: flexible location and transport of wide-area resources}, 
year={1999}, 
}



@article{ROFL,
 author = {Caesar, Matthew and Condie, Tyson and Kannan, Jayanthkumar and Lakshminarayanan, Karthik and Stoica, Ion},
 title = {{ROFL: routing on flat labels}},
 journal = {SIGCOMM.},
 issue_date = { 2006},
} 


@inproceedings{ATTVoD,
 author = {Applegate, David and Archer, Aaron and Gopalakrishnan, Vijay and Lee, Seungjoon and Ramakrishnan, K. K.},
 title = {Optimal content placement for a large-scale VoD system},
 series = {CoNEXT},
 year = {2010},
 } 


@INPROCEEDINGS{SharmaInfocom09, 
author={Sharma, A. and Mishra, A. and Kumar, V. and Venkataramani, A.}, 
booktitle={INFOCOM}, 
title={Beyond MLU: An application-centric comparison of traffic engineering schemes}, 
year={2011}, 
}


@article{TimWood,
 author = {Wood, Timothy and Tarasuk-Levin, Gabriel and Shenoy, Prashant and Desnoyers, Peter and Cecchet, Emmanuel and Corner, Mark D.},
 title = {Memory buddies: exploiting page sharing for smart colocation in virtualized data centers},
 journal = {SIGOPS Oper. Syst. Rev.},
 issue_date = {July 2009},
} 


@article{VahdatOSDI,
 author = {Gupta, Diwaker and Lee, Sangmin and Vrable, Michael and Savage, Stefan and Snoeren, Alex C. and Varghese, George and Voelker, Geoffrey M. and Vahdat, Amin},
 title = {Difference engine: harnessing memory redundancy in virtual machines},
 journal = {Commun. ACM},
 issue_date = {October 2010},
} 

@inproceedings{cox,
  author    = {Russ Cox and Athicha Muthitacharoen and Robert Morris},
  title     = {Serving DNS Using a Peer-to-Peer Lookup Service},
  booktitle = {IPTPS},
  year      = {2002}, 
}

@INPROCEEDINGS{DHTdns, 
author={Pappas, V. and Massey, D. and Terzis, A. and Zhang, L.}, 
booktitle={INFOCOM}, 
title={A Comparative Study of the DNS Design with DHT-Based Alternatives}, 
year={2006}, 
}


@inproceedings{codns,
  author    = {KyoungSoo Park and  Vivek S. Pai and  Larry L. Peterson and  Zhe Wang},
  title     = {CoDNS: Improving DNS Performance and Reliability via Cooperative
               Lookups},
  booktitle = {OSDI},
  year      = {2004},
}


@inproceedings{XIA,
 author = {Han, Dongsu and Anand, Ashok and Dogar, Fahad and Li, Boyan and Lim, Hyeontaek and Machado, Michel and Mukundan, Arvind and Wu, Wenfei and Akella, Aditya and Andersen, David G. and Byers, John W. and Seshan, Srinivasan and Steenkiste, Peter},
 title = {XIA: efficient support for evolvable internetworking},
 series = {NSDI'12},
} 

@inproceedings{DONA,
 author = {Koponen, Teemu and Chawla, Mohit and Chun, Byung-Gon and Ermolinskiy, Andrey and Kim, Kye Hyun and Shenker, Scott and Stoica, Ion},
 title = {A data-oriented (and beyond) network architecture},
  series = {SIGCOMM '07},
}


@inproceedings{consistent-hashing,
 author = {Karger, David and Lehman, Eric and Leighton, Tom and Panigrahy, Rina and Levine, Matthew and Lewin, Daniel},
 title = {Consistent hashing and random trees: distributed caching protocols for relieving hot spots on the World Wide Web},
 series = {STOC '97},
} 


@inproceedings{beehive,
  author    = {Venugopalan Ramasubramanian and  Emin Gun Sirer},
  title     = {Beehive: O(1) Lookup Performance for Power-Law Query Distributions in Peer-to-Peer Overlays},
  booktitle = {NSDI},
  year      = {2004},
}

@rfc{Saltzer:1993:NBN:RFC1498,
 author = {Saltzer, J.},
  title = {On the Naming and Binding of Network Destinations},
   year = {1993},
    publisher = {RFC Editor},
} 

@inproceedings{HIP,
author = {P. Jokela and P. Nikander and J. Melen and J. Ylitalo and J. Wall},
title = {Host Identity Protocol, extended abstract},
booktitle = {Wireless World Research Forum},
year = {2004},
}

@inproceedings{FARA,
author = {D. Clark and R. Braden and A. Falk and V. Pingali}, 
title = {FARA: Reorganizing the addressing architecture},
booktitle = {SIGCOMM FDNA Workshop}, 
year = {2003},
}

@inproceedings{LNAI,
author = {H. Balakrishnan and K. Lakshminarayanan and S. Ratnasamy and S. Shenker and I. Stoica and M. Walfish}, 
title = {A layered naming architecture for the Internet},
booktitle = {SIGCOMM}, 
year = {2004},
}

@inproceedings{fortz2000internet,
title={Internet traffic engineering by optimizing OSPF weights},
author={Fortz, B and Thorup, M},
booktitle={INFOCOM},
year={2000},
}

@inproceedings{VuICDCS12,
author = {T. Vu and A. Baid and Y. Zhang and T. D. Nguyen and J. Fukuyama and R. P. Martin and D. Raychaudhuri}, 
title = {DMap: A Shared Hosting Scheme for Dynamic Identiøer to Locator Mappings in the Global Internet}, 
booktitle = {Proceedings of IEEE ICDCS},
year = {2012}, 
}

@article{compact-routing,
 author = {Krioukov, Dmitri and claffy, k c and Fall, Kevin and Brady, Arthur},
 title = {On compact routing for the internet},
 journal = {SIGCOMM CCR'07.}, } 


@inproceedings{mm1,
author = {Kleinrock, Leonard}, 
title = {}, 
booktitle = {Queueing Systems Vol 1: Theory. p. 77},
year = {1975}, 
}


@article{MIP,
author = {Charles E. Perkins},
title = {Mobile {IP}},
journal = {IEEE Comm. Magazine},
year = {1997},
month = {May}
}

@inproceedings{TCP-R,
 author = {Funato, D. and Yasuda, K. and Tokuda, H.},
 title = {TCP-R: TCP mobility support for continuous operation},
 series = {ICNP '97},} 

@inproceedings{CCN,
 author = {Jacobson, Van and Smetters, Diana K. and Thornton, James D. and Plass, Michael F. and Briggs, Nicholas H. and Braynard, Rebecca L.},
 title = {Networking named content},
 series = {CoNEXT '09},} 

@inproceedings{UIP,
  title = {Unmanaged Internet Protocol: Taming the Edge Network Management Crisis},
  author = {Bryan Ford},
  booktitle = {{HotNets-II}},
    year = {2003},
}

@INPROCEEDINGS{i3,
    author = {Ion Stoica and Daniel Adkins and Shelley Zhuang and Scott Shenker and Sonesh Surana},
    title = {Internet Indirection Infrastructure},
    booktitle = {SIGCOMM},
    year = {2002}
}

@inproceedings{LNA,
author = {H. Balakrishnan and K. Lakshminarayanan and S. Ratnasamy and S. Shenker and I. Stoica and M. Walfish}, 
title = {A layered naming architecture for the Internet},
booktitle = {SIGCOMM}, 
year = {2004},
}


@inproceedings{DOA,
 title = "Middleboxes No Longer Considered Harmful",
 author = {Michael Walfish and Jeremy Stribling and Maxwell Krohn and Hari Balakrishnan and Robert Morris and Scott Shenker},
 booktitle = {OSDI},
 year = {2004},
 
}

@Misc{edgecomputing,
title={Akamai Edge Computing},
note={\url{http://www.akamai.com/html/solutions/edge_computing.html}},
}


@Misc{amazonec2,
title={Amazon EC2},
note={\url{http://aws.amazon.com/ec2/}},
}


@Misc{GSM,
title={{GSM Technical Specifications}},
note={GSM UMTS 3GPPNumbering Cross Reference. ETSI. Retrieved 30 December 2009},
}

@article{DNS,
      author         = {P. Mockapetris},
      title          = {Domain Names - Concepts and Facilities},
      journal        = {The Internet Society}   
      volume         = "RFC 1034",
      year           = "1987",
}

@Misc{planetlab,
title={PlanetLab},
note={\url{https://www.planet-lab.org/}},
}

@Misc{google-app-engine,
title={Google App Engine},
note={\url{https://developers.google.com/appengine/}},
}

@Misc{windowsazure,
title={Microsoft Windows Azure},
note={\url{http://www.windowsazure.com/en-us/}},
}

@Misc{alexa,
title={Alexa Web Information Service},
note={\url{http://www.alexa.com}},
}

@Misc{BitTorrent,
author={Bram Cohen},
title={{The BitTorrent Protocol Specification}},
note={\url{http://www.bittorrent.org/beps/bep_0003.html}},
year={2008}
}


@Misc{FIND,
author={NSF},
title={{Future Internet Design}},
note={\url{http://www.nets-find.net/}},
year={2012}
}


@Misc{GENI,
author={GENI},
title={{Global Environment for Network Innovations}},
note={\url{http://www.geni.net/}},
year={2012}
}


@Misc{FIA,
author={NSF},
title={{Future Internet Architecture Project}},
note={\url{http://www.nets-fia.net/}},
year={2012}
}

@Misc{MobilityFirst,
author={NSF},
title={{MobilityFirst Future Internet Architecture Project}},
note={\url{http://mobilityfirst.winlab.rutgers.edu//}},
year={2012}
}

@Misc{serverfault,
author={},
title={{Server fault: DNS - Any way to force a name server to update the record of a domain?}},
note={\url{http://serverfault.com/questions/41018/dns-any-way-to-force-a-nameserver-to-update-the-record-of-a-domain},
}

@Misc{apple-notification-system,
author={},
title={{Apple Push Notification System}},
note={\url{http://bit.ly/10hMxqs}},
}

@Misc{Skype,
author={},
title={{Skype}},
note={\url{www.skype.com}},
}

@Misc{cisco,
author={},
title={Cisco Visual Networking Index: Global Mobile Data Traffic Forecast Update, 2012-2017}
}

@Misc{APNS,
author={},
title={{Apple Push Notification }},
note={\url{www.skype.com}},
}

@Misc{Dropbox,
author={},
title={{Skype}},
note={\url{www.dropbox.com}},
}

@Misc{NDN,
author={},
title={{Named data networking}},
note={\url{http://www.named-data.net/}}
}

@Misc{gartner,
author={Gartner},
title={{Mobile Connections Will Reach 5.6 Billion in 2011}},
note={\url{http://www.gartner.com/it/page.jsp?id=1759714}},
year={2011}
}

@article{comet,
      author         = "Solontoi, Michael and Ivezic, Zeljko and West, Andrew A.
                        and Claire, Mark and Juric, Mario and others",
      title          = "{Detecting active comets with SDSS}",
      journal        = "Icarus",
      volume         = "205",
      pages          = "605-618",
      doi            = "10.1016/j.icarus.2009.07.042",
      year           = "2010",
}

@inproceedings{Mockapetris:1988:DDN:52324.52338,
 author = {Mockapetris, P. and Dunlap, K. J.},
  title = {Development of the domain name system},
   booktitle = {Symposium proceedings on Communications architectures
   and protocols},
    series = {SIGCOMM '88},
	 year = {1988},
	  isbn = {0-89791-279-9},
	   location = {Stanford, California, USA},
	    pages = {123--133},
		 numpages = {11},
		  url = {http://doi.acm.org/10.1145/52324.52338},
		   doi = {10.1145/52324.52338},
		    acmid = {52338},
			 publisher = {ACM},
			  address = {New York, NY, USA},
			  } 
@Misc{CIA,
author={CIA},
title={{The World Factbook}},
note={\url{https://www.cia.gov/library/publications/the-world-factbook/rankorder/2184rank.html}},
year={2011}
}

@Misc{LISP,
author={},
title={{The Locator/ID Separation Protocol (LISP)}},
note={RFC 6830}
}

@Misc{nimrod,
author={I. Castineyra and N. Chiappa and M. Steenstrup},
title={Nimrod Routing Architecture},
note={RFC 1992}
}

@Misc{dnssec,
author={DNSSEC},
title={{DNS Threats \& Weaknesses of the Domain Name System}},
note={\url{http://www.dnssec.net/dns-threats.php}},
year={2012}
}


@Misc{akamai,
title={Akamai},
note={\url{http://www.akamai.com/}},
}

@TechReport{TRIAD,
author={David R. Cheriton and Mark Gritter},
title={TRIAD: a Scalable Deployable NAT-based Internet Architecture},
year={January 2000}
}

@Misc{mysql,
title={mysql},
note={\url{http://www.mysql.com/}},
}
@Misc{limelight,
title={Limelight Networks},
note={\url{http://www.limelight.com/}},t
}

@Misc{mongodb,
title={mongoDB},
note={\url{http://www.mongodb.org/}},
}

@Misc{edgecast,
title={EdgeCast Networks},
note={\url{http://www.edgecast.com/}},
}

@Misc{AWS-load-balancing,
title={Amazon Elastic Load Balancing},
note={\url{http://aws.amazon.com/elasticloadbalancing/}},
}

@Misc{twitter,
title={Twitter},
note={\url{https://twitter.com/}},
}



@Misc{cassandra,
title={Cassandra},
note={\url{http://cassandra.apache.org}},
}

@Misc{cplex,
title={IBM ILOG CPLEX Optimization Studio},
note={\url{http://www-01.ibm.com/software/integration/optimization/cplex-optimization-studio/}},
}


@Misc{guava,
title={Guava: Google's core libraries},
note={\url{http://bit.ly/1782BOB}},
}



@inproceedings{Jacobson,
 author = {Jacobson, V.},
 title = {Congestion avoidance and control},
 booktitle = {SIGCOMM'88},
} 


@Misc{ultradns,
title={Ultra DNS},
note={\url{http://www.neustar.biz/}},
}

@Misc{dyndns,
title={Dyn  DNS},
note={\url{http://dyn.com/}},
}

@Misc{MPTCP,
title={Multipath TCP},
note={\url{http://datatracker.ietf.org/wg/mptcp/charter/}},
}


@Misc{dnsmadeeasy,
title={DNS Made Easy},
note={\url{http://www.dnsmadeeasy.com}},
}

@Misc{TCP-Migrate,
title={The Migrate Internet Mobility Project},
note={\url{http://nms.csail.mit.edu/projects/migrate/}},
}

@Misc{dnsmadeeasy,
title={DNS Made Easy},
note={\url{http://www.dnsmadeeasy.com}},
}

@Misc{dnscompare,
title={Comparison and Analysis of Managed DNS Providers},
note={Cloud Harmony Inc},
Year={Aug 2012}
Author={Jason Read}
}


@Misc{gnrswebsite,
title={GNRS portal},
note={\url{http://gnrs.name}},
}

@article{LamportPaxos,
 author = {Lamport, Leslie},
 title = {The part-time parliament},
 journal = {ACM Trans. Comput. Syst.},
 issue_date = {May 1998},
 volume = {16},
 number = {2},
 month = may,
 year = {1998},
 issn = {0734-2071},
 pages = {133--169},
 numpages = {37},
 url = {http://doi.acm.org/10.1145/279227.279229},
 doi = {10.1145/279227.279229},
 acmid = {279229},
 publisher = {ACM},
 address = {New York, NY, USA},
 keywords = {state machines, three-phase commit, voting},
} 


@inproceedings{mazieres1,
 author = {David Mazieres},
 title = {Paxos Made Practical},
 note={\url{http://www.scs.stanford.edu/~dm/home/papers/paxos.pdf}},
} 

@inproceedings{liskov,
 author = {Oki, Brian M. and Liskov, Barbara H.},
 title = {Viewstamped Replication: A New Primary Copy Method to Support Highly-Available Distributed Systems},
 booktitle = {PODC},
 year = {1988},
} 

@MISC{Mazieres_paxosmade,
    author = {David MaziËres},
	    title = {Paxos Made Practical},
		    year = {}
			}

			
@book{jain,
  title={A quantitative measure of fairness and discrimination for resource allocation in shared computer system},
  author={Jain, Raj and Chiu, Dah-Ming and Hawe, William R},
  year={1984},
  publisher={Eastern Research Laboratory, Digital Equipment Corporation}
}


@article{lamport2008stoppable,
  title={Stoppable paxos},
  author={Lamport, Leslie and Malkhi, Dahlia and Zhou, Lidong},
  journal={TechReport, Microsoft Research},
  year={2008}
}


%@ARTICLE{NCDN, 
%author={}, 
%journal={Technical Report}, 
%title="{Distributing Content Simplifies ISP Traffic Engineering}",
%note={\url{http://people.cs.umass.edu/~abhigyan/NCDN.pdf}},
% year = {2012},
%}


@Misc{opendns,
title={{Open DNS}},
note={\url{http://www.opendns.com/}},
}


@Misc{googledns,
title={{Google Public DNS}},
note={\url{http://bit.ly/11ku8EP}},
}


@Misc{msocketTR,
title={{msocket: System Support for Developing Seamlessly Mobile, Multipath, and Middlebox-Agnostic Applications}},
note={\url{http://sites.google.com/site/msockettech/home}},
}


@Misc{techreport,
title={{A Global Name Service for a Highly Mobile Internet}},
note={\url{https://sites.google.com/site/auspicegns/home}},
}


@Misc{whois,
title={Whois Lookup for Domain and IP Address Research},
note={\url{http://www.whois.sc/internet-statistics/}},
}

@article{spanner,
 author = {Corbett, James C. and Dean, Jeffrey and Epstein, Michael and et al.},
 title = {Spanner: Google's Globally Distributed Database},
 journal = {ACM Trans. Comput. Syst.},
 year = {2013},
} 

@inproceedings{Gao2013,
 author = {Gao, Hongyu and Yegneswaran, Vinod and Chen, Yan and Porras, Phillip and Ghosh, Shalini and Jiang, Jian and Duan, Haixin},
 title = {An empirical reexamination of global DNS behavior},
 booktitle = {SIGCOMM},
 year = {2013},
 isbn = {978-1-4503-2056-6},
 location = {Hong Kong, China},
 pages = {267--278},
 numpages = {12},
 url = {http://doi.acm.org/10.1145/2486001.2486018},
 doi = {10.1145/2486001.2486018},
 acmid = {2486018},
 publisher = {ACM},
 address = {New York, NY, USA},
 keywords = {dns, malicious domain detection, measurement},
} 

@Misc{MobilityFirst-UMASS,
title={{MobilityFirst Future Internet Architecture Project}},
note={\url{http://mobilityfirst.cs.umass.edu/}},
}


@article{GNRS-comsnets,
 author = {Arun Venkataramani and Xiaozheng Tie and Abhigyan Sharma and David Westbrook and Hardeep Uppal and Jim Kurose and Dipankar Raychaudhuri},
 title = {Design Guidelines for a Global Name Service for a Mobility-Centric, Trustworthy Internetwork},
 journal = {COMSNETS},
 year = {2013},
} 


@inproceedings{Wiffler,
 author = {Balasubramanian, Aruna and Mahajan, Ratul and Venkataramani, Arun},
 title = {Augmenting mobile 3G using WiFi},
 booktitle = {MobiSys},
% series = {MobiSys '10},
 year = {2010},
 isbn = {978-1-60558-985-5},
 location = {San Francisco, California, USA},
 pages = {209--222},
 numpages = {14},
 url = {http://doi.acm.org/10.1145/1814433.1814456},
 doi = {10.1145/1814433.1814456},
 acmid = {1814456},
 publisher = {ACM},
 address = {New York, NY, USA},
 keywords = {3G augmentation, applications, vehicular network, wifi},
} 



@Misc{personal-comunications-at-FIA-meetings,
title={{Personal comunications at FIA meetings}},
}


@inproceedings{iplane,
 author = {Madhyastha, Harsha V. and Isdal, Tomas and Piatek, Michael and Dixon, Colin and Anderson, Thomas and Krishnamurthy, Arvind and Venkataramani, Arun},
 title = {iPlane: an information plane for distributed services},
 booktitle = {OSDI},
 year = {2006},
 isbn = {1-931971-47-1},
 location = {Seattle, Washington},
 pages = {367--380},
 numpages = {14},
 url = {http://dl.acm.org/citation.cfm?id=1298455.1298490},
 acmid = {1298490},
 publisher = {USENIX Association},
 address = {Berkeley, CA, USA},
} 



@Misc{EDNS,
title={{Extension Mechanisms for DNS}},
note={\url{http://tools.ietf.org/html/rfc6891}},
}


@inproceedings{twitter-www,
author = {Kwak, Haewoon and Lee, Changhyun and Park, Hosung and Moon, Sue},
title = {What is Twitter, a social network or a news media?},
booktitle = {WWW},
year = {2010},
}

@inproceedings{locality-conext,
 author = {Wittie, Mike P. and Pejovic, Veljko and Deek, Lara and Almeroth, Kevin C. and Zhao, Ben Y.},
 title = {Exploiting locality of interest in online social networks},
 series = {CoNEXT},
 year = {2010},
}

@inproceedings{consensus-routing,
 author = {John, John P. and Katz-Bassett, Ethan and Krishnamurthy, Arvind and Anderson, Thomas and Venkataramani, Arun},
 title = {Consensus routing: the internet as a distributed system},
series = {NSDI'08},
 } 


@Misc{youtubedemo,
title={{Auspice Emergency Geocast}},
note={\url{http://www.youtube.com/watch?v=EfDaqs0uuBY&feature=youtu.be}},
}


@Misc{CAP,
title={{CAP theorem}},
note={\url{http://en.wikipedia.org/wiki/CAP_theorem}},
}

@inproceedings{Lloyd,
 author = {Lloyd, Wyatt and Freedman, Michael J. and Kaminsky, Michael and Andersen, David G.},
 title = {Don't settle for eventual: scalable causal consistency for wide-area storage with COPS},
 booktitle = {Proceedings of the Twenty-Third ACM Symposium on Operating Systems Principles},
 series = {SOSP '11},
 year = {2011},
 isbn = {978-1-4503-0977-6},
 location = {Cascais, Portugal},
 pages = {401--416},
 numpages = {16},
 url = {http://doi.acm.org/10.1145/2043556.2043593},
 doi = {10.1145/2043556.2043593},
 acmid = {2043593},
 publisher = {ACM},
 address = {New York, NY, USA},
 keywords = {ALPS systems, causal + consistency, key-value storage, read transactions, scalable wide-area replication},
} 

@inproceedings{Escriva,
 author = {Escriva, Robert and Wong, Bernard and Sirer, Emin G\"{u}n},
 title = {HyperDex: a distributed, searchable key-value store},
 booktitle = {Proceedings of the ACM SIGCOMM 2012 conference on Applications, technologies, architectures, and protocols for computer communication},
 series = {SIGCOMM '12},
 year = {2012},
 isbn = {978-1-4503-1419-0},
 location = {Helsinki, Finland},
 pages = {25--36},
 numpages = {12},
 url = {http://doi.acm.org/10.1145/2342356.2342360},
 doi = {10.1145/2342356.2342360},
 acmid = {2342360},
 publisher = {ACM},
 address = {New York, NY, USA},
 keywords = {fault-tolerance, key-value store, nosql, performance, strong consistency},
} 


@Misc{mongodb,
title={{Mongo DB}},
note={\url{http://www.mongodb.org/}},
}

@journal{ICANN-debate-Sems,
title={Debate rages over who should control ICANN},
booktitle = {Processor},
volume = {31(16)},
number = {7},
month = {June},
year = {2009},
}

@journal{ICANN-debate-Gross,
title={ICANN hears concerns about accountability, control},
booktitle = {Infoworld},
month = {October},
year = {2008},
note =
{\url{http://www.infoworld.com/t/networking/icann-hears-concerns-about-accountability-control-216}},
}


